  <div class='ocr_page' id='page_1' title='image "/cluster/home/n/w/nwhite01/storage/ocr_20150623/153/hvd.32044019208412/478.png"; bbox 0 0 3880 6624; ppageno 0'>
   <div class='ocr_carea' id='block_1_1' title="bbox 115 437 208 501">
    <p class='ocr_par' dir='ltr' id='par_1_1' title="bbox 115 437 208 501">
     <span class='ocr_line' id='line_1_1' title="bbox 115 437 208 501; baseline 0.022 -2"><span class='ocrx_word' id='word_1_1' title='bbox 115 437 208 501; x_wconf 82' lang='grc' dir='ltr'><strong>89Ἱ</strong></span> 
     </span>
    </p>
   </div>
   <div class='ocr_carea' id='block_1_2' title="bbox 1132 431 2208 497">
    <p class='ocr_par' dir='ltr' id='par_1_2' title="bbox 1132 431 2208 497">
     <span class='ocr_line' id='line_1_2' title="bbox 1132 431 2208 497; baseline -0.003 -1"><span class='ocrx_word' id='word_1_2' title='bbox 1132 482 1135 483; x_wconf 46' lang='grc' dir='ltr'><strong>ν</strong></span> <span class='ocrx_word' id='word_1_3' title='bbox 1223 435 1765 497; x_wconf 71' lang='lat' dir='ltr'><strong>HISTORIARUM</strong></span> <span class='ocrx_word' id='word_1_4' title='bbox 1812 432 2048 496; x_wconf 84' lang='lat' dir='ltr'><strong>LIBER</strong></span> <span class='ocrx_word' id='word_1_5' title='bbox 2089 431 2208 493; x_wconf 81' lang='lat' dir='ltr'><strong>III.</strong></span> 
     </span>
    </p>
   </div>
   <div class='ocr_carea' id='block_1_3' title="bbox 3228 438 3334 505">
    <p class='ocr_par' dir='ltr' id='par_1_3' title="bbox 3228 438 3334 505">
     <span class='ocr_line' id='line_1_3' title="bbox 3228 438 3334 505; baseline -0.019 -2"><span class='ocrx_word' id='word_1_6' title='bbox 3228 438 3334 505; x_wconf 83' lang='lat'><strong>898</strong></span> 
     </span>
    </p>
   </div>
   <div class='ocr_carea' id='block_1_4' title="bbox 112 528 1667 620">
    <p class='ocr_par' dir='ltr' id='par_1_4' title="bbox 112 528 1662 620">
     <span class='ocr_line' id='line_1_4' title="bbox 112 528 1662 620; baseline -0.003 -14"><span class='ocrx_word' id='word_1_7' title='bbox 112 554 196 620; x_wconf 74' lang='grc' dir='ltr'>τῆς</span> <span class='ocrx_word' id='word_1_8' title='bbox 240 551 371 615; x_wconf 83' lang='grc' dir='ltr'>ἰδίας</span> <span class='ocrx_word' id='word_1_9' title='bbox 431 528 698 620; x_wconf 66' lang='grc' dir='ltr'>ὡφελείας</span> <span class='ocrx_word' id='word_1_10' title='bbox 752 568 939 615; x_wconf 75' lang='grc' dir='ltr'>ενεκα,</span> <span class='ocrx_word' id='word_1_11' title='bbox 996 552 1111 618; x_wconf 81' lang='grc' dir='ltr'>είγε</span> <span class='ocrx_word' id='word_1_12' title='bbox 1160 553 1254 604; x_wconf 73' lang='grc' dir='ltr'>καὶ</span> <span class='ocrx_word' id='word_1_13' title='bbox 1287 550 1528 620; x_wconf 78' lang='grc' dir='ltr'>ὠφέλειά</span> <span class='ocrx_word' id='word_1_14' title='bbox 1579 566 1662 612; x_wconf 86' lang='grc' dir='ltr'><strong>τις</strong></span> 
     </span>
    </p>
   </div>
   <div class='ocr_carea' id='block_1_5' title="bbox 1771 528 3337 620">
    <p class='ocr_par' dir='ltr' id='par_1_5' title="bbox 1771 545 3337 620">
     <span class='ocr_line' id='line_1_5' title="bbox 1771 545 3337 620; baseline 0.002 -19"><span class='ocrx_word' id='word_1_15' title='bbox 1771 546 1922 602; x_wconf 83' lang='lat' dir='ltr'><strong>hoste</strong></span> <span class='ocrx_word' id='word_1_16' title='bbox 1948 545 2172 616; x_wconf 88' lang='lat' dir='ltr'><strong>capitali</strong></span> <span class='ocrx_word' id='word_1_17' title='bbox 2208 545 2389 601; x_wconf 68' lang='lat' dir='ltr'><strong>lmdus</strong></span> <span class='ocrx_word' id='word_1_18' title='bbox 2416 546 2693 617; x_wconf 75' lang='lat' dir='ltr'><strong>percutias</strong></span> <span class='ocrx_word' id='word_1_19' title='bbox 2734 562 2750 602; x_wconf 91' lang='lat'>:</span> <span class='ocrx_word' id='word_1_20' title='bbox 2782 546 2829 603; x_wconf 86' lang='lat' dir='ltr'><strong>si</strong></span> <span class='ocrx_word' id='word_1_21' title='bbox 2846 554 3048 615; x_wconf 77' lang='lat' dir='ltr'><strong>,tamen</strong></span> <span class='ocrx_word' id='word_1_22' title='bbox 3077 561 3337 620; x_wconf 87' lang='lat' dir='ltr'><strong>compen-</strong></span> 
     </span>
    </p>
   </div>
   <div class='ocr_carea' id='block_1_6' title="bbox 14 641 1660 715">
    <p class='ocr_par' dir='ltr' id='par_1_6' title="bbox 14 641 1660 715">
     <span class='ocr_line' id='line_1_6' title="bbox 14 641 1660 715; baseline -0.003 -17"><span class='ocrx_word' id='word_1_23' title='bbox 14 646 15 653; x_wconf 64' lang='grc'><em>“</em></span> <span class='ocrx_word' id='word_1_24' title='bbox 110 645 285 715; x_wconf 71' lang='grc' dir='ltr'>ἕψεται</span> <span class='ocrx_word' id='word_1_25' title='bbox 330 644 397 698; x_wconf 78' lang='grc' dir='ltr'>ὲκ</span> <span class='ocrx_word' id='word_1_26' title='bbox 430 644 531 714; x_wconf 74' lang='grc' dir='ltr'>τῆς</span> <span class='ocrx_word' id='word_1_27' title='bbox 582 645 832 714; x_wconf 77' lang='grc' dir='ltr'><strong>εἰρήνης,</strong></span> <span class='ocrx_word' id='word_1_28' title='bbox 864 641 1001 696; x_wconf 80' lang='grc' dir='ltr'>ἀλλὰ</span> <span class='ocrx_word' id='word_1_29' title='bbox 1040 641 1115 713; x_wconf 76' lang='grc' dir='ltr'>μὴ</span> <span class='ocrx_word' id='word_1_30' title='bbox 1160 642 1335 713; x_wconf 82' lang='grc' dir='ltr'>βλάόη</span> <span class='ocrx_word' id='word_1_31' title='bbox 1378 641 1660 711; x_wconf 85' lang='grc' dir='ltr'>δεινοτέρα</span> 
     </span>
    </p>
   </div>
   <div class='ocr_carea' id='block_1_7' title="bbox 14 722 1664 805">
    <p class='ocr_par' dir='ltr' id='par_1_7' title="bbox 14 722 1664 805">
     <span class='ocr_line' id='line_1_7' title="bbox 14 722 1664 805; baseline -0.004 -14"><span class='ocrx_word' id='word_1_32' title='bbox 14 722 19 751; x_wconf 65' lang='grc'><strong>⁷</strong></span> <span class='ocrx_word' id='word_1_33' title='bbox 112 741 169 791; x_wconf 79' lang='grc' dir='ltr'>ἐκ</span> <span class='ocrx_word' id='word_1_34' title='bbox 194 737 296 790; x_wconf 90' lang='grc' dir='ltr'><strong>τῶν</strong></span> <span class='ocrx_word' id='word_1_35' title='bbox 325 736 423 791; x_wconf 84' lang='grc' dir='ltr'>τοῦ</span> <span class='ocrx_word' id='word_1_36' title='bbox 465 735 705 805; x_wconf 81' lang='grc' dir='ltr'>πολέμου</span> <span class='ocrx_word' id='word_1_37' title='bbox 735 734 1121 805; x_wconf 76' lang='grc' dir='ltr'><strong>γενησομένων</strong></span> <span class='ocrx_word' id='word_1_38' title='bbox 1167 735 1421 789; x_wconf 83' lang='grc' dir='ltr'>ἁπασῶν.</span> <span class='ocrx_word' id='word_1_39' title='bbox 1455 734 1523 787; x_wconf 79' lang='grc' dir='ltr'><strong>’Δ</strong></span> <span class='ocrx_word' id='word_1_40' title='bbox 1557 731 1664 803; x_wconf 83' lang='grc' dir='ltr'><strong>γὰρ</strong></span> 
     </span>
    </p>
   </div>
   <div class='ocr_carea' id='block_1_8' title="bbox 14 814 1666 901">
    <p class='ocr_par' dir='ltr' id='par_1_8' title="bbox 14 814 1666 901">
     <span class='ocr_line' id='line_1_8' title="bbox 14 814 1666 901; baseline -0.005 -17"><span class='ocrx_word' id='word_1_41' title='bbox 14 815 17 823; x_wconf 52' lang='grc'><em>’</em></span> <span class='ocrx_word' id='word_1_42' title='bbox 109 830 238 901; x_wconf 76' lang='grc' dir='ltr'>αὐτὴ</span> <span class='ocrx_word' id='word_1_43' title='bbox 269 829 401 898; x_wconf 78' lang='grc' dir='ltr'>περὶ</span> <span class='ocrx_word' id='word_1_44' title='bbox 425 829 526 900; x_wconf 84' lang='grc' dir='ltr'>τῆς</span> <span class='ocrx_word' id='word_1_45' title='bbox 556 828 695 898; x_wconf 78' lang='grc' dir='ltr'>πρὸς</span> <span class='ocrx_word' id='word_1_46' title='bbox 731 814 940 880; x_wconf 68' lang='grc' dir='ltr'>ἐκεῖνον</span> <span class='ocrx_word' id='word_1_47' title='bbox 971 828 1199 897; x_wconf 90' lang='grc' dir='ltr'>εἰρήνης</span> <span class='ocrx_word' id='word_1_48' title='bbox 1227 825 1327 896; x_wconf 78' lang='grc' dir='ltr'>τῆς</span> <span class='ocrx_word' id='word_1_49' title='bbox 1362 823 1666 895; x_wconf 85' lang='grc' dir='ltr'>παρελθού-</span> 
     </span>
    </p>
   </div>
   <div class='ocr_carea' id='block_1_9' title="bbox 14 907 1662 992">
    <p class='ocr_par' dir='ltr' id='par_1_9' title="bbox 14 907 1662 992">
     <span class='ocr_line' id='line_1_9' title="bbox 14 907 1662 992; baseline -0.005 -16"><span class='ocrx_word' id='word_1_50' title='bbox 14 907 17 935; x_wconf 55' lang='grc'>⁵</span> <span class='ocrx_word' id='word_1_51' title='bbox 111 938 200 992; x_wconf 83' lang='grc' dir='ltr'><strong>σης</strong></span> <span class='ocrx_word' id='word_1_52' title='bbox 226 920 530 991; x_wconf 78' lang='grc' dir='ltr'>διειλέχθης</span> <span class='ocrx_word' id='word_1_53' title='bbox 558 919 773 985; x_wconf 76' lang='grc' dir='ltr'>νυκτὸς,</span> <span class='ocrx_word' id='word_1_54' title='bbox 801 920 929 975; x_wconf 79' lang='grc' dir='ltr'>οὐδ’.</span> <span class='ocrx_word' id='word_1_55' title='bbox 951 921 1099 989; x_wconf 76' lang='grc' dir='ltr'>ἡμᾶς</span> <span class='ocrx_word' id='word_1_56' title='bbox 1132 917 1379 972; x_wconf 78' lang='grc' dir='ltr'><strong>διέλαθεν</strong></span> <span class='ocrx_word' id='word_1_57' title='bbox 1408 917 1501 969; x_wconf 62' lang='grc' dir='ltr'><strong>ἐπὶ</strong></span> <span class='ocrx_word' id='word_1_58' title='bbox 1534 916 1662 968; x_wconf 84' lang='grc' dir='ltr'>πολ-</span> 
     </span>
    </p>
   </div>
   <div class='ocr_carea' id='block_1_10' title="bbox 108 1007 1664 1083">
    <p class='ocr_par' dir='ltr' id='par_1_10' title="bbox 108 1007 1664 1083">
     <span class='ocr_line' id='line_1_10' title="bbox 108 1007 1664 1083; baseline -0.002 -19"><span class='ocrx_word' id='word_1_59' title='bbox 108 1012 209 1067; x_wconf 93' lang='grc' dir='ltr'><strong>λῶν</strong></span> <span class='ocrx_word' id='word_1_60' title='bbox 234 1012 500 1083; x_wconf 75' lang='grc' dir='ltr'><strong>εἰρημένα</strong></span> <span class='ocrx_word' id='word_1_61' title='bbox 558 1011 1060 1074; x_wconf 81' lang='grc' dir='ltr'>ἀκοαίς..Ἐκεϊνον</span> <span class='ocrx_word' id='word_1_62' title='bbox 1119 1010 1218 1081; x_wconf 72' lang='grc' dir='ltr'>μὲν</span> <span class='ocrx_word' id='word_1_63' title='bbox 1251 1009 1345 1062; x_wconf 79' lang='grc' dir='ltr'>οὖν</span> <span class='ocrx_word' id='word_1_64' title='bbox 1374 1010 1556 1080; x_wconf 73' lang='grc' dir='ltr'>ἡμεῖς,</span> <span class='ocrx_word' id='word_1_65' title='bbox 1587 1007 1664 1071; x_wconf 79' lang='grc' dir='ltr'>ὡς</span> 
     </span>
    </p>
   </div>
   <div class='ocr_carea' id='block_1_11' title="bbox 109 1100 1662 1159">
    <p class='ocr_par' dir='ltr' id='par_1_11' title="bbox 109 1100 1662 1159">
     <span class='ocr_line' id='line_1_11' title="bbox 109 1100 1662 1159; baseline -0.002 -3"><span class='ocrx_word' id='word_1_66' title='bbox 109 1105 241 1158; x_wconf 71' lang='grc' dir='ltr'>κατὰ</span> <span class='ocrx_word' id='word_1_67' title='bbox 273 1102 365 1156; x_wconf 82' lang='grc' dir='ltr'><strong>σοῦ</strong></span> <span class='ocrx_word' id='word_1_68' title='bbox 407 1102 503 1159; x_wconf 78' lang='grc' dir='ltr'><strong>καὶ</strong></span> <span class='ocrx_word' id='word_1_69' title='bbox 533 1103 643 1156; x_wconf 87' lang='grc' dir='ltr'><strong>τῶν</strong></span> <span class='ocrx_word' id='word_1_70' title='bbox 678 1103 884 1156; x_wconf 79' lang='grc' dir='ltr'>παίδων</span> <span class='ocrx_word' id='word_1_71' title='bbox 912 1103 980 1155; x_wconf 81' lang='grc' dir='ltr'>τὰ</span> <span class='ocrx_word' id='word_1_72' title='bbox 1025 1102 1307 1155; x_wconf 75' lang='grc' dir='ltr'>δεινότατα</span> <span class='ocrx_word' id='word_1_73' title='bbox 1352 1101 1448 1154; x_wconf 71' lang='grc' dir='ltr'>καὶ</span> <span class='ocrx_word' id='word_1_74' title='bbox 1488 1100 1662 1153; x_wconf 83' lang='grc' dir='ltr'>διανο-</span> 
     </span>
    </p>
   </div>
   <div class='ocr_carea' id='block_1_12' title="bbox 14 1186 1665 1262">
    <p class='ocr_par' dir='ltr' id='par_1_12' title="bbox 14 1186 1665 1262">
     <span class='ocr_line' id='line_1_12' title="bbox 14 1186 1665 1262; baseline -0.003 -19"><span class='ocrx_word' id='word_1_75' title='bbox 14 1212 15 1217; x_wconf 50' lang='grc' dir='ltr'><strong>η</strong></span> <span class='ocrx_word' id='word_1_76' title='bbox 104 1192 326 1259; x_wconf 63' lang='grc' dir='ltr'>ούμενον</span> <span class='ocrx_word' id='word_1_77' title='bbox 354 1191 451 1245; x_wconf 81' lang='grc' dir='ltr'><strong>καὶ</strong></span> <span class='ocrx_word' id='word_1_78' title='bbox 478 1190 579 1262; x_wconf 81' lang='grc' dir='ltr'><strong>ήδη</strong></span> <span class='ocrx_word' id='word_1_79' title='bbox 611 1190 944 1262; x_wconf 86' lang='grc' dir='ltr'>πράττοντα,</span> <span class='ocrx_word' id='word_1_80' title='bbox 979 1187 1169 1256; x_wconf 85' lang='grc' dir='ltr'>ὥσπερ</span> <span class='ocrx_word' id='word_1_81' title='bbox 1199 1188 1306 1240; x_wconf 80' lang='grc' dir='ltr'><strong>ἀπὸ</strong></span> <span class='ocrx_word' id='word_1_82' title='bbox 1340 1189 1469 1257; x_wconf 79' lang='grc' dir='ltr'>μιᾶς</span> <span class='ocrx_word' id='word_1_83' title='bbox 1517 1186 1665 1254; x_wconf 74' lang='grc' dir='ltr'>γνώ-</span> 
     </span>
    </p>
   </div>
   <div class='ocr_carea' id='block_1_13' title="bbox 108 1280 1664 1353">
    <p class='ocr_par' dir='ltr' id='par_1_13' title="bbox 108 1280 1664 1353">
     <span class='ocr_line' id='line_1_13' title="bbox 108 1280 1664 1353; baseline -0.002 -18"><span class='ocrx_word' id='word_1_84' title='bbox 108 1300 211 1353; x_wconf 81' lang='grc' dir='ltr'><strong>μης</strong></span> <span class='ocrx_word' id='word_1_85' title='bbox 238 1282 497 1353; x_wconf 89' lang='grc' dir='ltr'>πολέμιόν</span> <span class='ocrx_word' id='word_1_86' title='bbox 542 1298 601 1335; x_wconf 85' lang='grc' dir='ltr'><strong>τε</strong></span> <span class='ocrx_word' id='word_1_87' title='bbox 630 1281 982 1353; x_wconf 80' lang='grc' dir='ltr'><strong>ἡγησάμεθα,</strong></span> <span class='ocrx_word' id='word_1_88' title='bbox 1002 1281 1099 1334; x_wconf 76' lang='grc' dir='ltr'>καὶ</span> <span class='ocrx_word' id='word_1_89' title='bbox 1128 1281 1366 1345; x_wconf 80' lang='grc' dir='ltr'>οὐδενὸς,</span> <span class='ocrx_word' id='word_1_90' title='bbox 1400 1280 1461 1333; x_wconf 85' lang='grc' dir='ltr'><strong>τό</strong></span> <span class='ocrx_word' id='word_1_91' title='bbox 1488 1297 1553 1347; x_wconf 85' lang='grc' dir='ltr'><strong>γε</strong></span> <span class='ocrx_word' id='word_1_92' title='bbox 1583 1282 1664 1344; x_wconf 87' lang='grc' dir='ltr'><strong>εἰς</strong></span> 
     </span>
    </p>
   </div>
   <div class='ocr_carea' id='block_1_14' title="bbox 103 1370 1661 1448">
    <p class='ocr_par' dir='ltr' id='par_1_14' title="bbox 103 1370 1661 1448">
     <span class='ocr_line' id='line_1_14' title="bbox 103 1370 1661 1448; baseline -0.001 -21"><span class='ocrx_word' id='word_1_93' title='bbox 103 1376 247 1443; x_wconf 72' lang='grc' dir='ltr'>ἡμᾶς</span> <span class='ocrx_word' id='word_1_94' title='bbox 272 1370 430 1448; x_wconf 77' lang='grc' dir='ltr'>ἧκον,</span> <span class='ocrx_word' id='word_1_95' title='bbox 461 1373 823 1445; x_wconf 82' lang='grc' dir='ltr'>ήμελήσαμεν</span> <span class='ocrx_word' id='word_1_96' title='bbox 868 1373 979 1426; x_wconf 86' lang='grc' dir='ltr'><strong>τῶν</strong></span> <span class='ocrx_word' id='word_1_97' title='bbox 1032 1372 1293 1441; x_wconf 80' lang='grc' dir='ltr'><strong>βλάπτειν</strong></span> <span class='ocrx_word' id='word_1_98' title='bbox 1324 1373 1661 1442; x_wconf 83' lang='grc' dir='ltr'>δυναμένων.</span> 
     </span>
    </p>
   </div>
   <div class='ocr_carea' id='block_1_15' title="bbox 106 1458 1664 1536">
    <p class='ocr_par' dir='ltr' id='par_1_15' title="bbox 106 1458 1664 1536">
     <span class='ocr_line' id='line_1_15' title="bbox 106 1458 1664 1536; baseline -0.001 -17"><span class='ocrx_word' id='word_1_99' title='bbox 106 1467 165 1519; x_wconf 83' lang='grc' dir='ltr'><strong>Εἰ</strong></span> <span class='ocrx_word' id='word_1_100' title='bbox 191 1467 236 1519; x_wconf 81' lang='grc' dir='ltr'>δ’</span> <span class='ocrx_word' id='word_1_101' title='bbox 271 1458 515 1520; x_wconf 67' lang='grc' dir='ltr'>ἑκτινὶυν</span> <span class='ocrx_word' id='word_1_102' title='bbox 551 1464 745 1520; x_wconf 76' lang='grc' dir='ltr'>αἰτιῶν</span> <span class='ocrx_word' id='word_1_103' title='bbox 776 1467 809 1536; x_wconf 81' lang='grc' dir='ltr'><strong>ἡ</strong></span> <span class='ocrx_word' id='word_1_104' title='bbox 838 1467 1030 1536; x_wconf 82' lang='grc' dir='ltr'>εἰρήνη</span> <span class='ocrx_word' id='word_1_105' title='bbox 1069 1465 1277 1534; x_wconf 83' lang='grc' dir='ltr'>μᾶλλον</span> <span class='ocrx_word' id='word_1_106' title='bbox 1307 1465 1664 1534; x_wconf 77' lang='grc' dir='ltr'><strong>συμφέρουσα</strong></span> 
     </span>
    </p>
   </div>
   <div class='ocr_carea' id='block_1_16' title="bbox 102 1554 1665 1627">
    <p class='ocr_par' dir='ltr' id='par_1_16' title="bbox 102 1554 1665 1627">
     <span class='ocr_line' id='line_1_16' title="bbox 102 1554 1665 1627; baseline -0.001 -18"><span class='ocrx_word' id='word_1_107' title='bbox 102 1559 378 1627; x_wconf 74' lang='grc' dir='ltr'>νομίζεται</span> <span class='ocrx_word' id='word_1_108' title='bbox 404 1559 545 1624; x_wconf 67' lang='grc' dir='ltr'>νυνὶ,</span> <span class='ocrx_word' id='word_1_109' title='bbox 577 1556 687 1610; x_wconf 74' lang='grc' dir='ltr'>οὐδ’</span> <span class='ocrx_word' id='word_1_110' title='bbox 733 1558 892 1627; x_wconf 73' lang='grc' dir='ltr'>ἡμεῖς</span> <span class='ocrx_word' id='word_1_111' title='bbox 939 1555 1377 1626; x_wconf 68' lang='grc' dir='ltr'>ἐναντιωσόμεθα</span> <span class='ocrx_word' id='word_1_112' title='bbox 1430 1556 1567 1625; x_wconf 79' lang='grc' dir='ltr'>πρὸς</span> <span class='ocrx_word' id='word_1_113' title='bbox 1594 1554 1665 1607; x_wconf 85' lang='grc' dir='ltr'>τὰ</span> 
     </span>
    </p>
   </div>
   <div class='ocr_carea' id='block_1_17' title="bbox 103 1646 1663 1718">
    <p class='ocr_par' dir='ltr' id='par_1_17' title="bbox 103 1646 1663 1718">
     <span class='ocr_line' id='line_1_17' title="bbox 103 1646 1663 1718; baseline 0.002 -21"><span class='ocrx_word' id='word_1_114' title='bbox 103 1648 401 1716; x_wconf 71' lang='grc' dir='ltr'>φαινόμενα</span> <span class='ocrx_word' id='word_1_115' title='bbox 434 1647 755 1709; x_wconf 72' lang='grc' dir='ltr'>λυσιτελεῖν,</span> <span class='ocrx_word' id='word_1_116' title='bbox 787 1648 948 1718; x_wconf 88' lang='grc' dir='ltr'>μόνον</span> <span class='ocrx_word' id='word_1_117' title='bbox 973 1649 1022 1700; x_wconf 85' lang='grc' dir='ltr'><strong>εἰ</strong></span> <span class='ocrx_word' id='word_1_118' title='bbox 1047 1646 1240 1718; x_wconf 68' lang='grc' dir='ltr'>γνωμῃ</span> <span class='ocrx_word' id='word_1_119' title='bbox 1269 1649 1422 1717; x_wconf 84' lang='grc' dir='ltr'>κοινῇ</span> <span class='ocrx_word' id='word_1_120' title='bbox 1446 1646 1663 1700; x_wconf 83' lang='grc' dir='ltr'>πάντων</span> 
     </span>
    </p>
   </div>
   <div class='ocr_carea' id='block_1_18' title="bbox 98 1730 1663 1805">
    <p class='ocr_par' dir='ltr' id='par_1_18' title="bbox 98 1730 1663 1805">
     <span class='ocr_line' id='line_1_18' title="bbox 98 1730 1663 1805; baseline 0.001 -20"><span class='ocrx_word' id='word_1_121' title='bbox 98 1734 257 1802; x_wconf 84' lang='grc' dir='ltr'>ήμῶν</span> <span class='ocrx_word' id='word_1_122' title='bbox 288 1736 321 1802; x_wconf 83' lang='grc' dir='ltr'><strong>ἡ</strong></span> <span class='ocrx_word' id='word_1_123' title='bbox 352 1735 545 1804; x_wconf 84' lang='grc' dir='ltr'>εἰρήνη</span> <span class='ocrx_word' id='word_1_124' title='bbox 592 1732 1017 1805; x_wconf 66' lang='grc' dir='ltr'>ὲπιψηφισθείη.</span> <span class='ocrx_word' id='word_1_125' title='bbox 1052 1733 1130 1785; x_wconf 80' lang='grc' dir='ltr'><strong>Τὰ</strong></span> <span class='ocrx_word' id='word_1_126' title='bbox 1177 1733 1285 1803; x_wconf 85' lang='grc' dir='ltr'>γὰρ</span> <span class='ocrx_word' id='word_1_127' title='bbox 1322 1731 1426 1785; x_wconf 78' lang='grc' dir='ltr'><strong>ὑπὸ</strong></span> <span class='ocrx_word' id='word_1_128' title='bbox 1454 1730 1663 1786; x_wconf 81' lang='grc' dir='ltr'>πολλῶν</span> 
     </span>
    </p>
   </div>
   <div class='ocr_carea' id='block_1_19' title="bbox 95 1817 1663 1895">
    <p class='ocr_par' dir='ltr' id='par_1_19' title="bbox 95 1817 1663 1895">
     <span class='ocr_line' id='line_1_19' title="bbox 95 1817 1663 1895; baseline -0.003 -17"><span class='ocrx_word' id='word_1_129' title='bbox 95 1825 528 1895; x_wconf 73' lang='grc' dir='ltr'>δοκιμαζόμενα,</span> <span class='ocrx_word' id='word_1_130' title='bbox 563 1827 767 1894; x_wconf 66' lang='grc' dir='ltr'>ἥκιστα</span> <span class='ocrx_word' id='word_1_131' title='bbox 799 1825 865 1879; x_wconf 81' lang='grc' dir='ltr'>ἂν</span> <span class='ocrx_word' id='word_1_132' title='bbox 909 1825 1282 1895; x_wconf 80' lang='grc' dir='ltr'>ἁμαρτηθείη.</span> <span class='ocrx_word' id='word_1_133' title='bbox 1321 1823 1386 1878; x_wconf 81' lang='grc' dir='ltr'><strong>Εἰ</strong></span> <span class='ocrx_word' id='word_1_134' title='bbox 1433 1822 1533 1892; x_wconf 84' lang='grc' dir='ltr'>μὲν</span> <span class='ocrx_word' id='word_1_135' title='bbox 1569 1817 1663 1875; x_wconf 78' lang='grc' dir='ltr'><strong>οὖν</strong></span> 
     </span>
    </p>
   </div>
   <div class='ocr_carea' id='block_1_20' title="bbox 1765 636 3401 715">
    <p class='ocr_par' dir='ltr' id='par_1_20' title="bbox 1765 636 3401 715">
     <span class='ocr_line' id='line_1_20' title="bbox 1765 636 3401 715; baseline 0.001 -24"><span class='ocrx_word' id='word_1_136' title='bbox 1765 637 1941 700; x_wconf 88' lang='lat' dir='ltr'><strong>dium,</strong></span> <span class='ocrx_word' id='word_1_137' title='bbox 1976 645 2033 691; x_wconf 89' lang='lat' dir='ltr'><strong>et</strong></span> <span class='ocrx_word' id='word_1_138' title='bbox 2058 651 2170 690; x_wconf 91' lang='lat' dir='ltr'><strong>non</strong></span> <span class='ocrx_word' id='word_1_139' title='bbox 2203 636 2482 715; x_wconf 83' lang='lat' dir='ltr'><strong>omnibus,</strong></span> <span class='ocrx_word' id='word_1_140' title='bbox 2510 654 2633 707; x_wconf 79' lang='lat' dir='ltr'><strong>qua:</strong></span> <span class='ocrx_word' id='word_1_141' title='bbox 2662 653 2695 693; x_wconf 92' lang='lat' dir='ltr'><strong>e</strong></span> <span class='ocrx_word' id='word_1_142' title='bbox 2723 638 2867 695; x_wconf 87' lang='lat' dir='ltr'><strong>bello</strong></span> <span class='ocrx_word' id='word_1_143' title='bbox 2891 638 3179 701; x_wconf 86' lang='lat' dir='ltr'><strong>exsistent.</strong></span> <span class='ocrx_word' id='word_1_144' title='bbox 3211 655 3335 712; x_wconf 70' lang='grc' dir='ltr'>επι-</span> <span class='ocrx_word' id='word_1_145' title='bbox 3398 648 3401 649; x_wconf 66' lang='grc'><strong><em>⁷</em></strong></span> 
     </span>
    </p>
   </div>
   <div class='ocr_carea' id='block_1_21' title="bbox 1768 726 3337 808">
    <p class='ocr_par' dir='ltr' id='par_1_21' title="bbox 1768 726 3337 808">
     <span class='ocr_line' id='line_1_21' title="bbox 1768 726 3337 808; baseline 0.001 -25"><span class='ocrx_word' id='word_1_146' title='bbox 1768 728 1892 783; x_wconf 81' lang='lat' dir='ltr'><strong>vius</strong></span> <span class='ocrx_word' id='word_1_147' title='bbox 1942 726 2290 798; x_wconf 85' lang='lat' dir='ltr'><strong>dispendium</strong></span> <span class='ocrx_word' id='word_1_148' title='bbox 2342 742 2535 797; x_wconf 88' lang='lat' dir='ltr'><strong>pacem</strong></span> <span class='ocrx_word' id='word_1_149' title='bbox 2578 728 2737 785; x_wconf 87' lang='lat' dir='ltr'><strong>istam</strong></span> <span class='ocrx_word' id='word_1_150' title='bbox 2783 730 3159 808; x_wconf 79' lang='lat' dir='ltr'><strong>comitabitur.</strong></span> <span class='ocrx_word' id='word_1_151' title='bbox 3204 730 3337 797; x_wconf 67' lang='lat' dir='ltr'><strong>Quae</strong></span> 
     </span>
    </p>
   </div>
   <div class='ocr_carea' id='block_1_22' title="bbox 1762 818 3337 888">
    <p class='ocr_par' dir='ltr' id='par_1_22' title="bbox 1762 818 3337 888">
     <span class='ocr_line' id='line_1_22' title="bbox 1762 818 3337 888; baseline -0.001 -14"><span class='ocrx_word' id='word_1_152' title='bbox 1762 819 1912 874; x_wconf 92' lang='lat' dir='ltr'><strong>enim</strong></span> <span class='ocrx_word' id='word_1_153' title='bbox 1940 819 2009 874; x_wconf 91' lang='lat' dir='ltr'><strong>de</strong></span> <span class='ocrx_word' id='word_1_154' title='bbox 2037 833 2170 888; x_wconf 86' lang='lat' dir='ltr'><strong>pace</strong></span> <span class='ocrx_word' id='word_1_155' title='bbox 2199 831 2326 871; x_wconf 90' lang='lat' dir='ltr'><strong>cum</strong></span> <span class='ocrx_word' id='word_1_156' title='bbox 2355 818 2473 888; x_wconf 88' lang='lat' dir='ltr'><strong>ipso</strong></span> <span class='ocrx_word' id='word_1_157' title='bbox 2496 820 2739 874; x_wconf 88' lang='lat' dir='ltr'><strong>ineunda</strong></span> <span class='ocrx_word' id='word_1_158' title='bbox 2764 821 2951 876; x_wconf 88' lang='lat' dir='ltr'><strong>multis</strong></span> <span class='ocrx_word' id='word_1_159' title='bbox 2981 821 3337 877; x_wconf 75' lang='lat' dir='ltr'><strong>audientibus</strong></span> 
     </span>
    </p>
   </div>
   <div class='ocr_carea' id='block_1_23' title="bbox 1764 910 3338 979">
    <p class='ocr_par' dir='ltr' id='par_1_23' title="bbox 1764 910 3338 979">
     <span class='ocr_line' id='line_1_23' title="bbox 1764 910 3338 979; baseline 0.003 -14"><span class='ocrx_word' id='word_1_160' title='bbox 1764 910 2094 976; x_wconf 88' lang='lat' dir='ltr'><strong>disseruisti,</strong></span> <span class='ocrx_word' id='word_1_161' title='bbox 2128 924 2230 965; x_wconf 92' lang='lat' dir='ltr'><strong>nec</strong></span> <span class='ocrx_word' id='word_1_162' title='bbox 2258 925 2359 964; x_wconf 89' lang='lat' dir='ltr'><strong>nos</strong></span> <span class='ocrx_word' id='word_1_163' title='bbox 2383 911 2576 967; x_wconf 93' lang='lat' dir='ltr'><strong>latent.</strong></span> <span class='ocrx_word' id='word_1_164' title='bbox 2607 912 2787 979; x_wconf 85' lang='lat' dir='ltr'><strong>Quare</strong></span> <span class='ocrx_word' id='word_1_165' title='bbox 2814 928 2916 969; x_wconf 88' lang='lat' dir='ltr'><strong>nos</strong></span> <span class='ocrx_word' id='word_1_166' title='bbox 2947 929 3075 969; x_wconf 87' lang='lat' dir='ltr'><strong>eum</strong></span> <span class='ocrx_word' id='word_1_167' title='bbox 3111 923 3170 969; x_wconf 93' lang='lat' dir='ltr'><strong>ut</strong></span> <span class='ocrx_word' id='word_1_168' title='bbox 3203 915 3255 969; x_wconf 90' lang='lat' dir='ltr'><strong>in</strong></span> <span class='ocrx_word' id='word_1_169' title='bbox 3283 923 3338 970; x_wconf 86' lang='lat' dir='ltr'><strong>te</strong></span> 
     </span>
    </p>
   </div>
   <div class='ocr_carea' id='block_1_24' title="bbox 1763 1002 3341 1075">
    <p class='ocr_par' dir='ltr' id='par_1_24' title="bbox 1763 1002 3341 1075">
     <span class='ocr_line' id='line_1_24' title="bbox 1763 1002 3341 1075; baseline 0.001 -16"><span class='ocrx_word' id='word_1_170' title='bbox 1763 1019 1828 1059; x_wconf 87' lang='lat' dir='ltr'><strong>ac</strong></span> <span class='ocrx_word' id='word_1_171' title='bbox 1864 1003 2005 1059; x_wconf 77' lang='lat' dir='ltr'><strong>filios</strong></span> <span class='ocrx_word' id='word_1_172' title='bbox 2032 1011 2156 1060; x_wconf 89' lang='lat' dir='ltr'><strong>tuos</strong></span> <span class='ocrx_word' id='word_1_173' title='bbox 2190 1006 2475 1061; x_wconf 89' lang='lat' dir='ltr'><strong>teterrima</strong></span> <span class='ocrx_word' id='word_1_174' title='bbox 2516 1002 2938 1075; x_wconf 81' lang='lat' dir='ltr'><strong>parturientem,</strong></span> <span class='ocrx_word' id='word_1_175' title='bbox 2972 1014 3028 1060; x_wconf 86' lang='lat' dir='ltr'><strong>et</strong></span> <span class='ocrx_word' id='word_1_176' title='bbox 3052 1007 3165 1075; x_wconf 91' lang='lat' dir='ltr'><strong>jam</strong></span> <span class='ocrx_word' id='word_1_177' title='bbox 3196 1007 3341 1061; x_wconf 61' lang='grc' dir='ltr'>ἀρεῖς</span> 
     </span>
    </p>
   </div>
   <div class='ocr_carea' id='block_1_25' title="bbox 1764 1095 3338 1164">
    <p class='ocr_par' dir='ltr' id='par_1_25' title="bbox 1764 1095 3338 1164">
     <span class='ocr_line' id='line_1_25' title="bbox 1764 1095 3338 1164; baseline 0.001 -16"><span class='ocrx_word' id='word_1_178' title='bbox 1764 1103 2045 1164; x_wconf 73' lang='lat' dir='ltr'><strong>gnantem,</strong></span> <span class='ocrx_word' id='word_1_179' title='bbox 2074 1096 2322 1151; x_wconf 87' lang='lat' dir='ltr'><strong>unanimi</strong></span> <span class='ocrx_word' id='word_1_180' title='bbox 2338 1110 2608 1151; x_wconf 84' lang='lat' dir='ltr'><strong>consensu</strong></span> <span class='ocrx_word' id='word_1_181' title='bbox 2643 1107 2700 1150; x_wconf 91' lang='lat' dir='ltr'><strong>et</strong></span> <span class='ocrx_word' id='word_1_182' title='bbox 2724 1095 2936 1151; x_wconf 87' lang='lat' dir='ltr'><strong>hostem</strong></span> <span class='ocrx_word' id='word_1_183' title='bbox 2965 1098 3338 1162; x_wconf 80' lang='lat' dir='ltr'><strong>decernimus,</strong></span> 
     </span>
    </p>
   </div>
   <div class='ocr_carea' id='block_1_26' title="bbox 1764 1185 3337 1258">
    <p class='ocr_par' dir='ltr' id='par_1_26' title="bbox 1764 1185 3337 1258">
     <span class='ocr_line' id='line_1_26' title="bbox 1764 1185 3337 1258; baseline 0.002 -18"><span class='ocrx_word' id='word_1_184' title='bbox 1764 1194 1819 1240; x_wconf 82' lang='lat' dir='ltr'><strong>et</strong></span> <span class='ocrx_word' id='word_1_185' title='bbox 1848 1194 2114 1256; x_wconf 91' lang='lat' dir='ltr'><strong>quantum</strong></span> <span class='ocrx_word' id='word_1_186' title='bbox 2145 1186 2200 1241; x_wconf 92' lang='lat' dir='ltr'><strong>in</strong></span> <span class='ocrx_word' id='word_1_187' title='bbox 2237 1186 2397 1242; x_wconf 92' lang='lat' dir='ltr'><strong>nobis</strong></span> <span class='ocrx_word' id='word_1_188' title='bbox 2418 1195 2523 1253; x_wconf 87' lang='lat' dir='ltr'><strong>est,</strong></span> <span class='ocrx_word' id='word_1_189' title='bbox 2564 1185 2705 1240; x_wconf 88' lang='lat' dir='ltr'><strong>nihil</strong></span> <span class='ocrx_word' id='word_1_190' title='bbox 2737 1187 2885 1257; x_wconf 91' lang='lat' dir='ltr'><strong>quod</strong></span> <span class='ocrx_word' id='word_1_191' title='bbox 2912 1188 3111 1243; x_wconf 71' lang='lat' dir='ltr'><strong>laedere</strong></span> <span class='ocrx_word' id='word_1_192' title='bbox 3139 1189 3337 1258; x_wconf 89' lang='lat' dir='ltr'><strong>possit,</strong></span> 
     </span>
    </p>
   </div>
   <div class='ocr_carea' id='block_1_27' title="bbox 1765 1276 3338 1351">
    <p class='ocr_par' dir='ltr' id='par_1_27' title="bbox 1765 1276 3338 1351">
     <span class='ocr_line' id='line_1_27' title="bbox 1765 1276 3338 1351; baseline 0.004 -22"><span class='ocrx_word' id='word_1_193' title='bbox 1765 1276 1835 1330; x_wconf 88' lang='lat' dir='ltr'><strong>ab</strong></span> <span class='ocrx_word' id='word_1_194' title='bbox 1861 1292 1927 1332; x_wconf 91' lang='lat' dir='ltr'><strong>eo</strong></span> <span class='ocrx_word' id='word_1_195' title='bbox 1954 1278 2371 1333; x_wconf 86' lang='lat' dir='ltr'><strong>abstinebimus.</strong></span> <span class='ocrx_word' id='word_1_196' title='bbox 2408 1278 2565 1344; x_wconf 85' lang='lat' dir='ltr'><strong>Quod</strong></span> <span class='ocrx_word' id='word_1_197' title='bbox 2597 1278 2641 1333; x_wconf 89' lang='lat' dir='ltr'><strong>si</strong></span> <span class='ocrx_word' id='word_1_198' title='bbox 2665 1279 3015 1348; x_wconf 80' lang='lat' dir='ltr'><strong>‘quibusdam</strong></span> <span class='ocrx_word' id='word_1_199' title='bbox 3046 1296 3338 1351; x_wconf 81' lang='lat' dir='ltr'><strong>argumen-</strong></span> 
     </span>
    </p>
   </div>
   <div class='ocr_carea' id='block_1_28' title="bbox 1768 1360 3339 1439">
    <p class='ocr_par' dir='ltr' id='par_1_28' title="bbox 1768 1360 3339 1439">
     <span class='ocr_line' id='line_1_28' title="bbox 1768 1360 3339 1439; baseline 0.003 -18"><span class='ocrx_word' id='word_1_200' title='bbox 1768 1367 1836 1422; x_wconf 90' lang='lat' dir='ltr'><strong>tis</strong></span> <span class='ocrx_word' id='word_1_201' title='bbox 1858 1384 1963 1438; x_wconf 89' lang='lat' dir='ltr'><strong>pax</strong></span> <span class='ocrx_word' id='word_1_202' title='bbox 1989 1369 2043 1423; x_wconf 91' lang='lat' dir='ltr'><strong>in</strong></span> <span class='ocrx_word' id='word_1_203' title='bbox 2093 1382 2336 1438; x_wconf 68' lang='lat' dir='ltr'><strong>praesens</strong></span> <span class='ocrx_word' id='word_1_204' title='bbox 2358 1360 2603 1423; x_wconf 66' lang='lat' dir='ltr'><strong>‘videtur</strong></span> <span class='ocrx_word' id='word_1_205' title='bbox 2646 1372 2957 1425; x_wconf 90' lang='lat' dir='ltr'><strong>conducere</strong></span> <span class='ocrx_word' id='word_1_206' title='bbox 3004 1371 3195 1439; x_wconf 81' lang='lat' dir='ltr'><strong>magis,</strong></span> <span class='ocrx_word' id='word_1_207' title='bbox 3238 1388 3339 1427; x_wconf 84' lang='lat' dir='ltr'><strong>nec</strong></span> 
     </span>
    </p>
   </div>
   <div class='ocr_carea' id='block_1_29' title="bbox 1766 1459 3337 1525">
    <p class='ocr_par' dir='ltr' id='par_1_29' title="bbox 1766 1459 3337 1525">
     <span class='ocr_line' id='line_1_29' title="bbox 1766 1459 3337 1525; baseline 0.001 -11"><span class='ocrx_word' id='word_1_208' title='bbox 1766 1474 1866 1514; x_wconf 84' lang='lat' dir='ltr'><strong>nos</strong></span> <span class='ocrx_word' id='word_1_209' title='bbox 1924 1459 2358 1525; x_wconf 84' lang='lat' dir='ltr'><strong>adversabimur,</strong></span> <span class='ocrx_word' id='word_1_210' title='bbox 2412 1460 2458 1514; x_wconf 94' lang='lat' dir='ltr'><strong>si</strong></span> <span class='ocrx_word' id='word_1_211' title='bbox 2520 1471 2728 1516; x_wconf 86' lang='lat' dir='ltr'><strong>tantum</strong></span> <span class='ocrx_word' id='word_1_212' title='bbox 2757 1461 3034 1514; x_wconf 91' lang='lat' dir='ltr'><strong>communi</strong></span> <span class='ocrx_word' id='word_1_213' title='bbox 3091 1462 3337 1516; x_wconf 88' lang='lat' dir='ltr'><strong>omnium</strong></span> 
     </span>
    </p>
   </div>
   <div class='ocr_carea' id='block_1_30' title="bbox 1769 1550 3341 1625">
    <p class='ocr_par' dir='ltr' id='par_1_30' title="bbox 1769 1550 3341 1625">
     <span class='ocr_line' id='line_1_30' title="bbox 1769 1550 3341 1625; baseline 0.002 -20"><span class='ocrx_word' id='word_1_214' title='bbox 1769 1560 2013 1605; x_wconf 87' lang='lat' dir='ltr'><strong>nostrum</strong></span> <span class='ocrx_word' id='word_1_215' title='bbox 2042 1550 2247 1621; x_wconf 84' lang='lat' dir='ltr'><strong>iudicio</strong></span> <span class='ocrx_word' id='word_1_216' title='bbox 2279 1562 2336 1608; x_wconf 92' lang='lat' dir='ltr'><strong>et</strong></span> <span class='ocrx_word' id='word_1_217' title='bbox 2361 1553 2637 1607; x_wconf 72' lang='lat' dir='ltr'><strong>sententia</strong></span> <span class='ocrx_word' id='word_1_218' title='bbox 2661 1551 3023 1625; x_wconf 71' lang='lat' dir='ltr'><strong>confirmetur</strong></span> <span class='ocrx_word' id='word_1_219' title='bbox 3046 1570 3058 1605; x_wconf 91' lang='lat'><strong>:</strong></span> <span class='ocrx_word' id='word_1_220' title='bbox 3084 1566 3115 1605; x_wconf 93' lang='lat' dir='ltr'><strong>a</strong></span> <span class='ocrx_word' id='word_1_221' title='bbox 3150 1553 3341 1608; x_wconf 84' lang='lat' dir='ltr'><strong>multis</strong></span> 
     </span>
    </p>
   </div>
   <div class='ocr_carea' id='block_1_31' title="bbox 1765 1642 3336 1714">
    <p class='ocr_par' dir='ltr' id='par_1_31' title="bbox 1765 1642 3336 1714">
     <span class='ocr_line' id='line_1_31' title="bbox 1765 1642 3336 1714; baseline -0.001 -17"><span class='ocrx_word' id='word_1_222' title='bbox 1765 1642 1914 1697; x_wconf 90' lang='lat' dir='ltr'><strong>enim</strong></span> <span class='ocrx_word' id='word_1_223' title='bbox 1963 1645 2264 1712; x_wconf 86' lang='lat' dir='ltr'><strong>approbata</strong></span> <span class='ocrx_word' id='word_1_224' title='bbox 2317 1644 2545 1698; x_wconf 89' lang='lat' dir='ltr'><strong>minime</strong></span> <span class='ocrx_word' id='word_1_225' title='bbox 2581 1643 2887 1714; x_wconf 88' lang='lat' dir='ltr'><strong>decipiunt.</strong></span> <span class='ocrx_word' id='word_1_226' title='bbox 2932 1643 3071 1712; x_wconf 76' lang='lat' dir='ltr'><strong>Ergo</strong></span> <span class='ocrx_word' id='word_1_227' title='bbox 3106 1645 3148 1697; x_wconf 88' lang='lat' dir='ltr'><strong>si</strong></span> <span class='ocrx_word' id='word_1_228' title='bbox 3190 1646 3336 1712; x_wconf 86' lang='lat' dir='ltr'><strong>quod</strong></span> 
     </span>
    </p>
   </div>
   <div class='ocr_carea' id='block_1_32' title="bbox 1766 1734 3342 1805">
    <p class='ocr_par' dir='ltr' id='par_1_32' title="bbox 1766 1734 3342 1805">
     <span class='ocr_line' id='line_1_32' title="bbox 1766 1734 3342 1805; baseline 0 -17"><span class='ocrx_word' id='word_1_229' title='bbox 1766 1747 1868 1788; x_wconf 86' lang='lat' dir='ltr'><strong>nos</strong></span> <span class='ocrx_word' id='word_1_230' title='bbox 1920 1734 2210 1800; x_wconf 88' lang='lat' dir='ltr'><strong>sentimus,</strong></span> <span class='ocrx_word' id='word_1_231' title='bbox 2276 1744 2331 1788; x_wconf 92' lang='lat' dir='ltr'><strong>tu</strong></span> <span class='ocrx_word' id='word_1_232' title='bbox 2389 1749 2609 1805; x_wconf 85' lang='lat' dir='ltr'><strong>quoque</strong></span> <span class='ocrx_word' id='word_1_233' title='bbox 2661 1734 2923 1800; x_wconf 84' lang='lat' dir='ltr'><strong>senseris,</strong></span> <span class='ocrx_word' id='word_1_234' title='bbox 2979 1734 3342 1804; x_wconf 86' lang='lat' dir='ltr'><strong>petitionique</strong></span> 
     </span>
    </p>
   </div>
   <div class='ocr_carea' id='block_1_33' title="bbox 1770 1826 3343 1897">
    <p class='ocr_par' dir='ltr' id='par_1_33' title="bbox 1770 1826 3343 1897">
     <span class='ocr_line' id='line_1_33' title="bbox 1770 1826 3343 1897; baseline -0.001 -16"><span class='ocrx_word' id='word_1_235' title='bbox 1770 1834 1991 1888; x_wconf 75' lang='lat' dir='ltr'><strong>nostrae,</strong></span> <span class='ocrx_word' id='word_1_236' title='bbox 2030 1835 2088 1881; x_wconf 88' lang='lat' dir='ltr'><strong>ut</strong></span> <span class='ocrx_word' id='word_1_237' title='bbox 2132 1828 2311 1896; x_wconf 75' lang='lat' dir='ltr'><strong>insue,</strong></span> <span class='ocrx_word' id='word_1_238' title='bbox 2354 1829 2536 1883; x_wconf 92' lang='lat' dir='ltr'><strong>locum</strong></span> <span class='ocrx_word' id='word_1_239' title='bbox 2577 1828 2888 1897; x_wconf 86' lang='lat' dir='ltr'><strong>reliqueris,</strong></span> <span class='ocrx_word' id='word_1_240' title='bbox 2927 1826 3343 1882; x_wconf 63' lang='lat' dir='ltr'><strong>llorebuntomo</strong></span> 
     </span>
    </p>
   </div>
   <div class='ocr_carea' id='block_1_34' title="bbox 94 1909 1667 1989">
    <p class='ocr_par' dir='ltr' id='par_1_34' title="bbox 94 1914 1667 1989">
     <span class='ocr_line' id='line_1_34' title="bbox 94 1914 1667 1989; baseline -0.004 -16"><span class='ocrx_word' id='word_1_241' title='bbox 94 1919 287 1989; x_wconf 81' lang='grc' dir='ltr'>ὥσπερ</span> <span class='ocrx_word' id='word_1_242' title='bbox 317 1918 641 1988; x_wconf 79' lang='grc' dir='ltr'>ἐγνώκαμεν</span> <span class='ocrx_word' id='word_1_243' title='bbox 676 1919 814 1988; x_wconf 77' lang='grc' dir='ltr'>αὐτή</span> <span class='ocrx_word' id='word_1_244' title='bbox 850 1934 910 1970; x_wconf 88' lang='grc' dir='ltr'><strong>τε</strong></span> <span class='ocrx_word' id='word_1_245' title='bbox 962 1916 1148 1986; x_wconf 80' lang='grc' dir='ltr'>πείθῃ,</span> <span class='ocrx_word' id='word_1_246' title='bbox 1186 1917 1279 1969; x_wconf 81' lang='grc' dir='ltr'>καὶ</span> <span class='ocrx_word' id='word_1_247' title='bbox 1307 1915 1407 1985; x_wconf 79' lang='grc' dir='ltr'>τὴν</span> <span class='ocrx_word' id='word_1_248' title='bbox 1441 1914 1667 1979; x_wconf 77' lang='grc' dir='ltr'>ἀξίωσιν</span> 
     </span>
    </p>
   </div>
   <div class='ocr_carea' id='block_1_35' title="bbox 1771 1909 3345 1989">
    <p class='ocr_par' dir='ltr' id='par_1_35' title="bbox 1773 1918 3345 1989">
     <span class='ocr_line' id='line_1_35' title="bbox 1773 1918 3345 1989; baseline 0 -15"><span class='ocrx_word' id='word_1_249' title='bbox 1773 1920 1893 1974; x_wconf 88' lang='lat' dir='ltr'><strong>nia:</strong></span> <span class='ocrx_word' id='word_1_250' title='bbox 1926 1922 2009 1975; x_wconf 85' lang='lat' dir='ltr'><strong>sin</strong></span> <span class='ocrx_word' id='word_1_251' title='bbox 2041 1919 2181 1975; x_wconf 85' lang='lat' dir='ltr'><strong>forte</strong></span> <span class='ocrx_word' id='word_1_252' title='bbox 2205 1921 2353 1975; x_wconf 84' lang='lat' dir='ltr'><strong>aliud</strong></span> <span class='ocrx_word' id='word_1_253' title='bbox 2388 1921 2608 1983; x_wconf 86' lang='lat' dir='ltr'><strong>statuis,</strong></span> <span class='ocrx_word' id='word_1_254' title='bbox 2648 1918 2807 1974; x_wconf 88' lang='lat' dir='ltr'><strong>nobis</strong></span> <span class='ocrx_word' id='word_1_255' title='bbox 2838 1929 3026 1989; x_wconf 74' lang='lat' dir='ltr'><strong>apene</strong></span> <span class='ocrx_word' id='word_1_256' title='bbox 3050 1919 3252 1986; x_wconf 77' lang='lat' dir='ltr'><strong>indica,</strong></span> <span class='ocrx_word' id='word_1_257' title='bbox 3285 1928 3345 1974; x_wconf 87' lang='lat' dir='ltr'><strong>ut</strong></span> 
     </span>
    </p>
   </div>
   <div class='ocr_carea' id='block_1_36' title="bbox 93 2007 1712 2082">
    <p class='ocr_par' dir='ltr' id='par_1_36' title="bbox 93 2007 1712 2082">
     <span class='ocr_line' id='line_1_36' title="bbox 93 2007 1712 2082; baseline -0.002 -19"><span class='ocrx_word' id='word_1_258' title='bbox 93 2012 258 2082; x_wconf 58' lang='grc' dir='ltr'>ήμῶν</span> <span class='ocrx_word' id='word_1_259' title='bbox 286 2012 360 2074; x_wconf 83' lang='grc' dir='ltr'><strong>ὡς</strong></span> <span class='ocrx_word' id='word_1_260' title='bbox 383 2011 601 2065; x_wconf 84' lang='grc' dir='ltr'>δικαίαν</span> <span class='ocrx_word' id='word_1_261' title='bbox 638 2012 947 2082; x_wconf 72' lang='grc' dir='ltr'>παραδὲχῃ,</span> <span class='ocrx_word' id='word_1_262' title='bbox 984 2010 1144 2069; x_wconf 75' lang='grc' dir='ltr'>πάντ’</span> <span class='ocrx_word' id='word_1_263' title='bbox 1176 2007 1243 2061; x_wconf 86' lang='grc' dir='ltr'>ἂν</span> <span class='ocrx_word' id='word_1_264' title='bbox 1272 2008 1386 2078; x_wconf 74' lang='grc' dir='ltr'>ἔχοι</span> <span class='ocrx_word' id='word_1_265' title='bbox 1441 2009 1662 2078; x_wconf 82' lang='grc' dir='ltr'>ἄριστα.</span> <span class='ocrx_word' id='word_1_266' title='bbox 1701 2060 1712 2073; x_wconf 68' lang='grc'><em>,</em></span> 
     </span>
    </p>
   </div>
   <div class='ocr_carea' id='block_1_37' title="bbox 96 2099 1667 2173">
    <p class='ocr_par' dir='ltr' id='par_1_37' title="bbox 96 2099 1667 2173">
     <span class='ocr_line' id='line_1_37' title="bbox 96 2099 1667 2173; baseline -0.003 -16"><span class='ocrx_word' id='word_1_267' title='bbox 96 2104 158 2156; x_wconf 86' lang='grc' dir='ltr'>Εἰ</span> <span class='ocrx_word' id='word_1_268' title='bbox 186 2103 239 2156; x_wconf 87' lang='grc' dir='ltr'>δ’</span> <span class='ocrx_word' id='word_1_269' title='bbox 272 2104 379 2173; x_wconf 79' lang='grc' dir='ltr'>ἄρα</span> <span class='ocrx_word' id='word_1_270' title='bbox 411 2101 615 2172; x_wconf 77' lang='grc' dir='ltr'>ἑτέρως</span> <span class='ocrx_word' id='word_1_271' title='bbox 646 2100 896 2167; x_wconf 70' lang='grc' dir='ltr'>ἔγνωκας</span> <span class='ocrx_word' id='word_1_272' title='bbox 936 2099 1241 2172; x_wconf 75' lang='grc' dir='ltr'>αὐτὴ,·ἀλλ⁹</span> <span class='ocrx_word' id='word_1_273' title='bbox 1271 2102 1403 2169; x_wconf 77' lang='grc' dir='ltr'>ἡμῖν</span> <span class='ocrx_word' id='word_1_274' title='bbox 1429 2118 1493 2165; x_wconf 82' lang='grc' dir='ltr'><strong>γε</strong></span> <span class='ocrx_word' id='word_1_275' title='bbox 1522 2099 1667 2169; x_wconf 85' lang='grc' dir='ltr'>φρά-</span> 
     </span>
    </p>
   </div>
   <div class='ocr_carea' id='block_1_38' title="bbox 94 2186 1665 2266">
    <p class='ocr_par' dir='ltr' id='par_1_38' title="bbox 94 2186 1665 2266">
     <span class='ocr_line' id='line_1_38' title="bbox 94 2186 1665 2266; baseline -0.003 -17"><span class='ocrx_word' id='word_1_276' title='bbox 94 2212 189 2249; x_wconf 88' lang='grc' dir='ltr'><strong>σον</strong></span> <span class='ocrx_word' id='word_1_277' title='bbox 216 2194 486 2265; x_wconf 81' lang='grc' dir='ltr'>φανερῶς,</span> <span class='ocrx_word' id='word_1_278' title='bbox 517 2194 588 2248; x_wconf 71' lang='lat' dir='ltr'><strong>lv‘</strong></span> <span class='ocrx_word' id='word_1_279' title='bbox 622 2194 861 2256; x_wconf 71' lang='grc' dir='ltr'>ἕκαστος</span> <span class='ocrx_word' id='word_1_280' title='bbox 886 2193 962 2256; x_wconf 87' lang='grc' dir='ltr'><strong>ὡς</strong></span> <span class='ocrx_word' id='word_1_281' title='bbox 1003 2192 1068 2246; x_wconf 78' lang='grc' dir='ltr'>ἂν</span> <span class='ocrx_word' id='word_1_282' title='bbox 1100 2192 1338 2262; x_wconf 79' lang='grc' dir='ltr'>μάλιστα</span> <span class='ocrx_word' id='word_1_283' title='bbox 1378 2186 1489 2255; x_wconf 76' lang='grc' dir='ltr'>οἷός</span> <span class='ocrx_word' id='word_1_284' title='bbox 1515 2208 1573 2244; x_wconf 88' lang='grc' dir='ltr'><strong>τε</strong></span> <span class='ocrx_word' id='word_1_285' title='bbox 1607 2187 1665 2266; x_wconf 80' lang='grc' dir='ltr'>ᾖ,</span> 
     </span>
    </p>
   </div>
   <div class='ocr_carea' id='block_1_39' title="bbox 93 2277 1669 2357">
    <p class='ocr_par' dir='ltr' id='par_1_39' title="bbox 93 2277 1669 2357">
     <span class='ocr_line' id='line_1_39' title="bbox 93 2277 1669 2357; baseline -0.002 -18"><span class='ocrx_word' id='word_1_286' title='bbox 93 2287 198 2356; x_wconf 74' lang='grc' dir='ltr'><strong>τὴν</strong></span> <span class='ocrx_word' id='word_1_287' title='bbox 227 2285 502 2357; x_wconf 80' lang='grc' dir='ltr'>σωτηρίαν</span> <span class='ocrx_word' id='word_1_288' title='bbox 533 2282 803 2356; x_wconf 75' lang='grc' dir='ltr'><strong>ἐκπορίζῃ</strong></span> <span class='ocrx_word' id='word_1_289' title='bbox 836 2284 1039 2353; x_wconf 77' lang='grc' dir='ltr'>ἐαυτῷ.</span> <span class='ocrx_word' id='word_1_290' title='bbox 1071 2286 1276 2346; x_wconf 80' lang='grc' dir='ltr'>Πάντες</span> <span class='ocrx_word' id='word_1_291' title='bbox 1300 2283 1356 2336; x_wconf 81' lang='grc' dir='ltr'>δὲ</span> <span class='ocrx_word' id='word_1_292' title='bbox 1384 2277 1473 2336; x_wconf 82' lang='grc' dir='ltr'>οἷα</span> <span class='ocrx_word' id='word_1_293' title='bbox 1499 2284 1669 2354; x_wconf 75' lang='grc' dir='ltr'>πατρὶ</span> 
     </span>
    </p>
   </div>
   <div class='ocr_carea' id='block_1_40' title="bbox 91 2375 1668 2447">
    <p class='ocr_par' dir='ltr' id='par_1_40' title="bbox 91 2375 1668 2447">
     <span class='ocr_line' id='line_1_40' title="bbox 91 2375 1668 2447; baseline -0.001 -17"><span class='ocrx_word' id='word_1_294' title='bbox 91 2375 460 2446; x_wconf 75' lang='grc' dir='ltr'>πνευματικῷ</span> <span class='ocrx_word' id='word_1_295' title='bbox 490 2375 571 2447; x_wconf 80' lang='grc' dir='ltr'>τῷ</span> <span class='ocrx_word' id='word_1_296' title='bbox 607 2378 919 2447; x_wconf 82' lang='grc' dir='ltr'>πατριάρχῃ</span> <span class='ocrx_word' id='word_1_297' title='bbox 956 2376 1022 2446; x_wconf 79' lang='grc' dir='ltr'><strong>ήν</strong></span> <span class='ocrx_word' id='word_1_298' title='bbox 1048 2376 1162 2445; x_wconf 80' lang='grc' dir='ltr'>ἔχει</span> <span class='ocrx_word' id='word_1_299' title='bbox 1189 2375 1416 2446; x_wconf 83' lang='grc' dir='ltr'>γνώμην</span> <span class='ocrx_word' id='word_1_300' title='bbox 1439 2375 1668 2437; x_wconf 76' lang='grc' dir='ltr'>ἕκαστος</span> 
     </span>
    </p>
   </div>
   <div class='ocr_carea' id='block_1_41' title="bbox 91 2462 1669 2539">
    <p class='ocr_par' dir='ltr' id='par_1_41' title="bbox 91 2462 1669 2539">
     <span class='ocr_line' id='line_1_41' title="bbox 91 2462 1669 2539; baseline -0.003 -18"><span class='ocrx_word' id='word_1_301' title='bbox 91 2472 233 2539; x_wconf 80' lang='grc' dir='ltr'>περὶ</span> <span class='ocrx_word' id='word_1_302' title='bbox 256 2467 326 2521; x_wconf 78' lang='grc' dir='ltr'>τὰ</span> <span class='ocrx_word' id='word_1_303' title='bbox 386 2467 635 2538; x_wconf 80' lang='grc' dir='ltr'>παρόντα</span> <span class='ocrx_word' id='word_1_304' title='bbox 672 2466 1005 2536; x_wconf 82' lang='grc' dir='ltr'>ἀνεθέμεθοι,</span> <span class='ocrx_word' id='word_1_305' title='bbox 1041 2467 1100 2532; x_wconf 80' lang='grc' dir='ltr'>ἐξ</span> <span class='ocrx_word' id='word_1_306' title='bbox 1130 2462 1191 2521; x_wconf 71' lang='grc' dir='ltr'>οὗ</span> <span class='ocrx_word' id='word_1_307' title='bbox 1237 2466 1442 2537; x_wconf 75' lang='grc' dir='ltr'>δυνήσῃ</span> <span class='ocrx_word' id='word_1_308' title='bbox 1475 2464 1669 2534; x_wconf 79' lang='grc' dir='ltr'>μαθεῖν</span> 
     </span>
    </p>
   </div>
   <div class='ocr_carea' id='block_1_42' title="bbox 90 2554 1669 2628">
    <p class='ocr_par' dir='ltr' id='par_1_42' title="bbox 90 2554 1669 2628">
     <span class='ocr_line' id='line_1_42' title="bbox 90 2554 1669 2628; baseline -0.003 -18"><span class='ocrx_word' id='word_1_309' title='bbox 90 2557 436 2628; x_wconf 76' lang='grc' dir='ltr'>σαφέστερον</span> <span class='ocrx_word' id='word_1_310' title='bbox 462 2557 532 2610; x_wconf 81' lang='grc' dir='ltr'>τὰ</span> <span class='ocrx_word' id='word_1_311' title='bbox 555 2554 680 2611; x_wconf 84' lang='grc' dir='ltr'>καθ’</span> <span class='ocrx_word' id='word_1_312' title='bbox 702 2557 877 2626; x_wconf 85' lang='grc' dir='ltr'>ήμᾶς.</span> <span class='ocrx_word' id='word_1_313' title='bbox 900 2554 1085 2617; x_wconf 76' lang='grc' dir='ltr'>Οὕτως</span> <span class='ocrx_word' id='word_1_314' title='bbox 1116 2555 1390 2620; x_wconf 81' lang='grc' dir='ltr'>εἰπόντας,</span> <span class='ocrx_word' id='word_1_315' title='bbox 1418 2555 1669 2609; x_wconf 76' lang='grc' dir='ltr'>ἐκέλευεν</span> 
     </span>
    </p>
   </div>
   <div class='ocr_carea' id='block_1_43' title="bbox 90 2641 1668 2725">
    <p class='ocr_par' dir='ltr' id='par_1_43' title="bbox 90 2641 1668 2725">
     <span class='ocr_line' id='line_1_43' title="bbox 90 2641 1668 2725; baseline -0.002 -29"><span class='ocrx_word' id='word_1_316' title='bbox 90 2645 265 2709; x_wconf 77' lang='grc' dir='ltr'>εὐθὺς</span> <span class='ocrx_word' id='word_1_317' title='bbox 290 2644 318 2698; x_wconf 81' lang='grc' dir='ltr'><strong>ὁ</strong></span> <span class='ocrx_word' id='word_1_318' title='bbox 349 2644 697 2725; x_wconf 63' lang='grc' dir='ltr'>πατριάρχης</span> <span class='ocrx_word' id='word_1_319' title='bbox 729 2645 1036 2714; x_wconf 72' lang='grc' dir='ltr'>ὑποχωρεῖν</span> <span class='ocrx_word' id='word_1_320' title='bbox 1056 2658 1072 2674; x_wconf 77' lang='grc'><strong><em>⁸</em></strong></span> <span class='ocrx_word' id='word_1_321' title='bbox 1109 2641 1268 2710; x_wconf 86' lang='grc' dir='ltr'>μόνος</span> <span class='ocrx_word' id='word_1_322' title='bbox 1296 2641 1353 2695; x_wconf 68' lang='grc' dir='ltr'>δὲ</span> <span class='ocrx_word' id='word_1_323' title='bbox 1394 2642 1531 2712; x_wconf 76' lang='grc' dir='ltr'>πρὸς</span> <span class='ocrx_word' id='word_1_324' title='bbox 1565 2641 1668 2711; x_wconf 80' lang='grc' dir='ltr'>μό-</span> 
     </span>
    </p>
   </div>
   <div class='ocr_carea' id='block_1_44' title="bbox 87 2729 1670 2803">
    <p class='ocr_par' dir='ltr' id='par_1_44' title="bbox 87 2729 1670 2803">
     <span class='ocr_line' id='line_1_44' title="bbox 87 2729 1670 2803; baseline -0.003 -17"><span class='ocrx_word' id='word_1_325' title='bbox 87 2750 194 2803; x_wconf 88' lang='grc' dir='ltr'><strong>νην</strong></span> <span class='ocrx_word' id='word_1_326' title='bbox 231 2733 331 2802; x_wconf 75' lang='grc' dir='ltr'>τὴν</span> <span class='ocrx_word' id='word_1_327' title='bbox 362 2731 609 2802; x_wconf 80' lang='grc' dir='ltr'>βασιλίδα</span> <span class='ocrx_word' id='word_1_328' title='bbox 645 2730 1015 2801; x_wconf 76' lang='grc' dir='ltr'>ὑπολειφθεὶς,</span> <span class='ocrx_word' id='word_1_329' title='bbox 1047 2731 1164 2795; x_wconf 77' lang='grc' dir='ltr'>Τίς,</span> <span class='ocrx_word' id='word_1_330' title='bbox 1195 2729 1435 2799; x_wconf 49' lang='grc' dir='ltr'>ἔφασκε,</span> <span class='ocrx_word' id='word_1_331' title='bbox 1459 2729 1670 2795; x_wconf 79' lang='grc' dir='ltr'>βάσκα-</span> 
     </span>
    </p>
   </div>
   <div class='ocr_carea' id='block_1_45' title="bbox 88 2819 1670 2894">
    <p class='ocr_par' dir='ltr' id='par_1_45' title="bbox 88 2819 1670 2894">
     <span class='ocr_line' id='line_1_45' title="bbox 88 2819 1670 2894; baseline -0.004 -17"><span class='ocrx_word' id='word_1_332' title='bbox 88 2843 184 2889; x_wconf 86' lang='grc' dir='ltr'><strong>νος</strong></span> <span class='ocrx_word' id='word_1_333' title='bbox 221 2824 436 2894; x_wconf 81' lang='grc' dir='ltr'>δαίμων</span> <span class='ocrx_word' id='word_1_334' title='bbox 473 2823 707 2878; x_wconf 83' lang='grc' dir='ltr'>τοιαῦτα</span> <span class='ocrx_word' id='word_1_335' title='bbox 755 2824 990 2876; x_wconf 77' lang='grc' dir='ltr'>πέπεικε</span> <span class='ocrx_word' id='word_1_336' title='bbox 1023 2819 1361 2889; x_wconf 74' lang='grc' dir='ltr'>λογίζεσθαι,</span> <span class='ocrx_word' id='word_1_337' title='bbox 1394 2820 1495 2874; x_wconf 84' lang='grc' dir='ltr'>οὐκ</span> <span class='ocrx_word' id='word_1_338' title='bbox 1537 2821 1670 2873; x_wconf 83' lang='grc' dir='ltr'>ἁλυ-</span> 
     </span>
    </p>
   </div>
   <div class='ocr_carea' id='block_1_46' title="bbox 89 2911 1671 2987">
    <p class='ocr_par' dir='ltr' id='par_1_46' title="bbox 89 2911 1671 2987">
     <span class='ocr_line' id='line_1_46' title="bbox 89 2911 1671 2987; baseline -0.004 -15"><span class='ocrx_word' id='word_1_339' title='bbox 89 2918 285 2987; x_wconf 84' lang='grc' dir='ltr'>σιτελῆ</span> <span class='ocrx_word' id='word_1_340' title='bbox 324 2917 508 2985; x_wconf 84' lang='grc' dir='ltr'>μόνον,</span> <span class='ocrx_word' id='word_1_341' title='bbox 554 2916 691 2970; x_wconf 79' lang='grc' dir='ltr'>ἀλλὰ</span> <span class='ocrx_word' id='word_1_342' title='bbox 748 2915 843 2969; x_wconf 76' lang='grc' dir='ltr'>καὶ</span> <span class='ocrx_word' id='word_1_343' title='bbox 875 2914 1111 2969; x_wconf 82' lang='grc' dir='ltr'>ἀδύνατα</span> <span class='ocrx_word' id='word_1_344' title='bbox 1167 2912 1388 2983; x_wconf 85' lang='grc' dir='ltr'>σχεδόν;</span> <span class='ocrx_word' id='word_1_345' title='bbox 1445 2911 1569 2966; x_wconf 86' lang='grc' dir='ltr'>Τίσι</span> <span class='ocrx_word' id='word_1_346' title='bbox 1614 2912 1671 2965; x_wconf 75' lang='grc' dir='ltr'>δὲ</span> 
     </span>
    </p>
   </div>
   <div class='ocr_carea' id='block_1_47' title="bbox 87 3003 1672 3084">
    <p class='ocr_par' dir='ltr' id='par_1_47' title="bbox 87 3003 1672 3084">
     <span class='ocr_line' id='line_1_47' title="bbox 87 3003 1672 3084; baseline -0.004 -21"><span class='ocrx_word' id='word_1_347' title='bbox 87 3011 363 3080; x_wconf 83' lang='grc' dir='ltr'>χρωμένη</span> <span class='ocrx_word' id='word_1_348' title='bbox 391 3009 696 3078; x_wconf 72' lang='grc' dir='ltr'>λογισμοῖς,</span> <span class='ocrx_word' id='word_1_349' title='bbox 726 3004 1185 3074; x_wconf 70' lang='grc' dir='ltr'>Καντακουζηνδν</span> <span class='ocrx_word' id='word_1_350' title='bbox 1213 3004 1399 3084; x_wconf 74' lang='grc' dir='ltr'>ᾠήθης</span> <span class='ocrx_word' id='word_1_351' title='bbox 1432 3005 1564 3071; x_wconf 66' lang='grc' dir='ltr'>φίλα</span> <span class='ocrx_word' id='word_1_352' title='bbox 1590 3003 1672 3058; x_wconf 86' lang='grc' dir='ltr'><strong>σοί</strong></span> 
     </span>
    </p>
   </div>
   <div class='ocr_carea' id='block_1_48' title="bbox 85 3095 1721 3168">
    <p class='ocr_par' dir='ltr' id='par_1_48' title="bbox 85 3095 1721 3168">
     <span class='ocr_line' id='line_1_48' title="bbox 85 3095 1721 3168; baseline -0.004 -14"><span class='ocrx_word' id='word_1_353' title='bbox 85 3118 149 3154; x_wconf 90' lang='grc' dir='ltr'><strong>τε</strong></span> <span class='ocrx_word' id='word_1_354' title='bbox 177 3103 283 3154; x_wconf 73' lang='grc' dir='ltr'>καὶ</span> <span class='ocrx_word' id='word_1_355' title='bbox 301 3102 460 3154; x_wconf 77' lang='grc' dir='ltr'>παισὶ</span> <span class='ocrx_word' id='word_1_356' title='bbox 486 3100 748 3153; x_wconf 82' lang='grc' dir='ltr'>δύνασθαί</span> <span class='ocrx_word' id='word_1_357' title='bbox 773 3115 900 3152; x_wconf 88' lang='grc' dir='ltr'>ποτε</span> <span class='ocrx_word' id='word_1_358' title='bbox 930 3097 1226 3168; x_wconf 83' lang='grc' dir='ltr'>φρονήσειν</span> <span class='ocrx_word' id='word_1_359' title='bbox 1246 3098 1370 3161; x_wconf 83' lang='grc' dir='ltr'><strong>;⁶ος</strong></span> <span class='ocrx_word' id='word_1_360' title='bbox 1404 3096 1514 3166; x_wconf 77' lang='grc' dir='ltr'><strong>γὰρ</strong></span> <span class='ocrx_word' id='word_1_361' title='bbox 1542 3095 1672 3167; x_wconf 82' lang='grc' dir='ltr'>μήθ’</span> <span class='ocrx_word' id='word_1_362' title='bbox 1718 3108 1721 3111; x_wconf 86' lang='grc'>·</span> 
     </span>
    </p>
   </div>
   <div class='ocr_carea' id='block_1_49' title="bbox 84 3188 1668 3264">
    <p class='ocr_par' dir='ltr' id='par_1_49' title="bbox 84 3188 1668 3264">
     <span class='ocr_line' id='line_1_49' title="bbox 84 3188 1668 3264; baseline -0.005 -17"><span class='ocrx_word' id='word_1_363' title='bbox 84 3195 204 3247; x_wconf 79' lang='grc' dir='ltr'><strong>ὑπὸ</strong></span> <span class='ocrx_word' id='word_1_364' title='bbox 235 3193 524 3264; x_wconf 80' lang='grc' dir='ltr'>βασιλέως,</span> <span class='ocrx_word' id='word_1_365' title='bbox 565 3195 700 3263; x_wconf 77' lang='grc' dir='ltr'>μήτε</span> <span class='ocrx_word' id='word_1_366' title='bbox 738 3189 835 3244; x_wconf 81' lang='grc' dir='ltr'>σοῦ</span> <span class='ocrx_word' id='word_1_367' title='bbox 865 3190 1129 3262; x_wconf 87' lang='grc' dir='ltr'>πρότερον</span> <span class='ocrx_word' id='word_1_368' title='bbox 1164 3188 1333 3259; x_wconf 80' lang='grc' dir='ltr'>μηδὲν</span> <span class='ocrx_word' id='word_1_369' title='bbox 1366 3189 1668 3258; x_wconf 76' lang='grc' dir='ltr'>ἀδικηθεὶς,</span> 
     </span>
    </p>
   </div>
   <div class='ocr_carea' id='block_1_50' title="bbox 84 3282 1673 3354">
    <p class='ocr_par' dir='ltr' id='par_1_50' title="bbox 84 3282 1673 3354">
     <span class='ocr_line' id='line_1_50' title="bbox 84 3282 1673 3354; baseline -0.004 -13"><span class='ocrx_word' id='word_1_370' title='bbox 84 3289 245 3342; x_wconf 75' lang='grc' dir='ltr'>ἀλλὰ</span> <span class='ocrx_word' id='word_1_371' title='bbox 282 3287 490 3342; x_wconf 78' lang='grc' dir='ltr'>πολλῶν</span> <span class='ocrx_word' id='word_1_372' title='bbox 530 3287 625 3340; x_wconf 67' lang='grc' dir='ltr'><strong>ἀπὶ</strong></span> <span class='ocrx_word' id='word_1_373' title='bbox 657 3285 909 3339; x_wconf 79' lang='grc' dir='ltr'>πλεῖστον</span> <span class='ocrx_word' id='word_1_374' title='bbox 946 3285 1138 3354; x_wconf 83' lang='grc' dir='ltr'>χρόνον</span> <span class='ocrx_word' id='word_1_375' title='bbox 1169 3282 1486 3344; x_wconf 70' lang='grc' dir='ltr'>ἀπολαύσας</span> <span class='ocrx_word' id='word_1_376' title='bbox 1535 3285 1673 3350; x_wconf 85' lang='grc' dir='ltr'>ἀγα-</span> 
     </span>
    </p>
   </div>
   <div class='ocr_carea' id='block_1_51' title="bbox 80 3373 1670 3451">
    <p class='ocr_par' dir='ltr' id='par_1_51' title="bbox 80 3373 1670 3451">
     <span class='ocr_line' id='line_1_51' title="bbox 80 3373 1670 3451; baseline -0.007 -14"><span class='ocrx_word' id='word_1_377' title='bbox 80 3382 210 3437; x_wconf 78' lang='grc' dir='ltr'><strong>θῶν</strong></span> <span class='ocrx_word' id='word_1_378' title='bbox 245 3381 464 3434; x_wconf 80' lang='grc' dir='ltr'>πάντων</span> <span class='ocrx_word' id='word_1_379' title='bbox 503 3378 929 3451; x_wconf 77' lang='grc' dir='ltr'>ἐπιλελησμένος</span> <span class='ocrx_word' id='word_1_380' title='bbox 975 3378 1036 3430; x_wconf 78' lang='grc' dir='ltr'>ὲν</span> <span class='ocrx_word' id='word_1_381' title='bbox 1071 3376 1284 3447; x_wconf 85' lang='grc' dir='ltr'>βραχεῖ,</span> <span class='ocrx_word' id='word_1_382' title='bbox 1320 3377 1380 3428; x_wconf 84' lang='grc' dir='ltr'><strong>ού</strong></span> <span class='ocrx_word' id='word_1_383' title='bbox 1413 3373 1670 3444; x_wconf 78' lang='grc' dir='ltr'>περὶτῆς</span> 
     </span>
    </p>
   </div>
   <div class='ocr_carea' id='block_1_52' title="bbox 77 3464 1670 3542">
    <p class='ocr_par' dir='ltr' id='par_1_52' title="bbox 77 3464 1670 3542">
     <span class='ocr_line' id='line_1_52' title="bbox 77 3464 1670 3542; baseline -0.006 -19"><span class='ocrx_word' id='word_1_384' title='bbox 77 3469 283 3542; x_wconf 79' lang='grc' dir='ltr'>ἀρχῆς</span> <span class='ocrx_word' id='word_1_385' title='bbox 305 3470 492 3537; x_wconf 88' lang='grc' dir='ltr'>μόνον,</span> <span class='ocrx_word' id='word_1_386' title='bbox 531 3467 669 3522; x_wconf 80' lang='grc' dir='ltr'>ἀλλὰ</span> <span class='ocrx_word' id='word_1_387' title='bbox 696 3465 793 3520; x_wconf 78' lang='grc' dir='ltr'>καὶ</span> <span class='ocrx_word' id='word_1_388' title='bbox 816 3466 945 3537; x_wconf 77' lang='grc' dir='ltr'>περὶ</span> <span class='ocrx_word' id='word_1_389' title='bbox 979 3467 1250 3537; x_wconf 87' lang='grc' dir='ltr'>σωτηρίας</span> <span class='ocrx_word' id='word_1_390' title='bbox 1280 3464 1670 3525; x_wconf 77' lang='grc' dir='ltr'>ἐπεὸούλευσε,</span> 
     </span>
    </p>
   </div>
   <div class='ocr_carea' id='block_1_53' title="bbox 76 3555 1671 3633">
    <p class='ocr_par' dir='ltr' id='par_1_53' title="bbox 76 3555 1671 3633">
     <span class='ocr_line' id='line_1_53' title="bbox 76 3555 1671 3633; baseline -0.006 -17"><span class='ocrx_word' id='word_1_391' title='bbox 76 3565 219 3626; x_wconf 83' lang='grc' dir='ltr'><strong>πῶς</strong></span> <span class='ocrx_word' id='word_1_392' title='bbox 261 3562 327 3615; x_wconf 81' lang='grc' dir='ltr'>ἂν</span> <span class='ocrx_word' id='word_1_393' title='bbox 376 3563 464 3632; x_wconf 76' lang='grc' dir='ltr'><strong>εἰη</strong></span> <span class='ocrx_word' id='word_1_394' title='bbox 495 3561 705 3621; x_wconf 82' lang='grc' dir='ltr'>δίκαιος</span> <span class='ocrx_word' id='word_1_395' title='bbox 738 3557 1093 3612; x_wconf 83' lang='grc' dir='ltr'>πιστεύεσθαι</span> <span class='ocrx_word' id='word_1_396' title='bbox 1143 3560 1270 3628; x_wconf 71' lang='grc' dir='ltr'>περὶ</span> <span class='ocrx_word' id='word_1_397' title='bbox 1293 3558 1417 3633; x_wconf 43' lang='grc' dir='ltr'>..τῶν</span> <span class='ocrx_word' id='word_1_398' title='bbox 1446 3555 1671 3623; x_wconf 76' lang='grc' dir='ltr'>μελλόν-</span> 
     </span>
    </p>
   </div>
   <div class='ocr_carea' id='block_1_54' title="bbox 74 3647 1708 3721">
    <p class='ocr_par' dir='ltr' id='par_1_54' title="bbox 74 3647 1708 3721">
     <span class='ocr_line' id='line_1_54' title="bbox 74 3647 1708 3721; baseline -0.006 -12"><span class='ocrx_word' id='word_1_399' title='bbox 74 3673 230 3718; x_wconf 84' lang='grc' dir='ltr'>των,</span> <span class='ocrx_word' id='word_1_400' title='bbox 262 3657 357 3707; x_wconf 80' lang='grc' dir='ltr'>καὶ</span> <span class='ocrx_word' id='word_1_401' title='bbox 385 3653 561 3706; x_wconf 85' lang='grc' dir='ltr'>ταῦτα</span> <span class='ocrx_word' id='word_1_402' title='bbox 595 3652 695 3705; x_wconf 84' lang='grc' dir='ltr'>οὐκ</span> <span class='ocrx_word' id='word_1_403' title='bbox 727 3651 929 3720; x_wconf 81' lang='grc' dir='ltr'>ὀλίγων</span> <span class='ocrx_word' id='word_1_404' title='bbox 959 3650 1113 3721; x_wconf 79' lang='grc' dir='ltr'>παρὰ</span> <span class='ocrx_word' id='word_1_405' title='bbox 1150 3651 1242 3703; x_wconf 73' lang='grc' dir='ltr'><strong>τὸν</strong></span> <span class='ocrx_word' id='word_1_406' title='bbox 1282 3649 1375 3702; x_wconf 82' lang='grc' dir='ltr'>τοῦ</span> <span class='ocrx_word' id='word_1_407' title='bbox 1430 3647 1591 3715; x_wconf 65' lang='grc' dir='ltr'>πολέ,.</span> <span class='ocrx_word' id='word_1_408' title='bbox 1608 3663 1670 3700; x_wconf 84' lang='grc' dir='ltr'><strong>ου</strong></span> <span class='ocrx_word' id='word_1_409' title='bbox 1704 3663 1708 3666; x_wconf 68' lang='grc'><em>’</em></span> 
     </span>
    </p>
   </div>
   <div class='ocr_carea' id='block_1_55' title="bbox 70 3740 1672 3819">
    <p class='ocr_par' dir='ltr' id='par_1_55' title="bbox 70 3740 1672 3819">
     <span class='ocr_line' id='line_1_55' title="bbox 70 3740 1672 3819; baseline -0.007 -19"><span class='ocrx_word' id='word_1_410' title='bbox 70 3747 299 3819; x_wconf 77' lang='grc' dir='ltr'>χρόνον</span> <span class='ocrx_word' id='word_1_411' title='bbox 325 3746 436 3798; x_wconf 87' lang='grc' dir='ltr'><strong>τῶν</strong></span> <span class='ocrx_word' id='word_1_412' title='bbox 476 3744 780 3798; x_wconf 85' lang='grc' dir='ltr'>δοκούντων</span> <span class='ocrx_word' id='word_1_413' title='bbox 811 3742 1160 3813; x_wconf 69' lang='grc' dir='ltr'>ἔφυδρισιῶν</span> <span class='ocrx_word' id='word_1_414' title='bbox 1200 3741 1333 3811; x_wconf 70' lang='grc' dir='ltr'>πρὸς</span> <span class='ocrx_word' id='word_1_415' title='bbox 1369 3740 1531 3793; x_wconf 79' lang='grc' dir='ltr'>αὐτὸν</span> <span class='ocrx_word' id='word_1_416' title='bbox 1580 3752 1672 3806; x_wconf 82' lang='grc' dir='ltr'>γε·</span> 
     </span>
    </p>
   </div>
   <div class='ocr_carea' id='block_1_56' title="bbox 70 3833 1673 3911">
    <p class='ocr_par' dir='ltr' id='par_1_56' title="bbox 70 3833 1673 3911">
     <span class='ocr_line' id='line_1_56' title="bbox 70 3833 1673 3911; baseline -0.008 -17"><span class='ocrx_word' id='word_1_417' title='bbox 70 3842 421 3911; x_wconf 78' lang='grc' dir='ltr'>γενημένων</span> <span class='ocrx_word' id='word_1_418' title='bbox 455 3836 670 3907; x_wconf 82' lang='grc' dir='ltr'>;Οῐσθα</span> <span class='ocrx_word' id='word_1_419' title='bbox 723 3838 767 3892; x_wconf 90' lang='grc' dir='ltr'>δ’</span> <span class='ocrx_word' id='word_1_420' title='bbox 813 3836 887 3900; x_wconf 84' lang='grc' dir='ltr'>ὡς</span> <span class='ocrx_word' id='word_1_421' title='bbox 943 3838 1060 3905; x_wconf 78' lang='grc' dir='ltr'>τοῖς</span> <span class='ocrx_word' id='word_1_422' title='bbox 1107 3834 1434 3904; x_wconf 80' lang='grc' dir='ltr'>εἰθισμένοις</span> <span class='ocrx_word' id='word_1_423' title='bbox 1485 3833 1673 3903; x_wconf 83' lang='grc' dir='ltr'>ἄρχειν</span> 
     </span>
    </p>
   </div>
   <div class='ocr_carea' id='block_1_57' title="bbox 67 3911 1671 4002">
    <p class='ocr_par' dir='ltr' id='par_1_57' title="bbox 67 3911 1671 4002">
     <span class='ocr_line' id='line_1_57' title="bbox 67 3911 1671 4002; baseline -0.007 -15"><span class='ocrx_word' id='word_1_424' title='bbox 67 3937 189 3987; x_wconf 73' lang='grc' dir='ltr'>καὶ</span> <span class='ocrx_word' id='word_1_425' title='bbox 220 3930 491 4002; x_wconf 81' lang='grc' dir='ltr'>τιμᾶσθαι</span> <span class='ocrx_word' id='word_1_426' title='bbox 522 3930 676 4002; x_wconf 87' lang='grc' dir='ltr'>παρὰ</span> <span class='ocrx_word' id='word_1_427' title='bbox 697 3931 914 3986; x_wconf 70' lang='grc' dir='ltr'>πάντων</span> <span class='ocrx_word' id='word_1_428' title='bbox 966 3928 1035 3979; x_wconf 76' lang='grc' dir='ltr'>τὰ</span> <span class='ocrx_word' id='word_1_429' title='bbox 1060 3924 1286 3979; x_wconf 80' lang='grc' dir='ltr'>τοιαῦτα</span> <span class='ocrx_word' id='word_1_430' title='bbox 1315 3911 1550 3994; x_wconf 73' lang='grc' dir='ltr'>μάλιστα</span> <span class='ocrx_word' id='word_1_431' title='bbox 1570 3923 1671 3976; x_wconf 73' lang='grc' dir='ltr'>οὐκ</span> 
     </span>
    </p>
   </div>
   <div class='ocr_carea' id='block_1_58' title="bbox 65 4011 1669 4096">
    <p class='ocr_par' dir='ltr' id='par_1_58' title="bbox 65 4011 1669 4096">
     <span class='ocr_line' id='line_1_58' title="bbox 65 4011 1669 4096; baseline -0.007 -16"><span class='ocrx_word' id='word_1_432' title='bbox 65 4011 333 4080; x_wconf 64' lang='grc' dir='ltr'>ἀνεκτά.</span> <span class='ocrx_word' id='word_1_433' title='bbox 370 4025 431 4077; x_wconf 87' lang='grc' dir='ltr'>Εἰ</span> <span class='ocrx_word' id='word_1_434' title='bbox 470 4023 518 4078; x_wconf 82' lang='grc' dir='ltr'>δ’</span> <span class='ocrx_word' id='word_1_435' title='bbox 545 4025 655 4096; x_wconf 80' lang='grc' dir='ltr'>ἄρα</span> <span class='ocrx_word' id='word_1_436' title='bbox 692 4022 788 4076; x_wconf 83' lang='grc' dir='ltr'>τοῦ</span> <span class='ocrx_word' id='word_1_437' title='bbox 824 4021 1021 4092; x_wconf 87' lang='grc' dir='ltr'>χρόνου</span> <span class='ocrx_word' id='word_1_438' title='bbox 1071 4021 1420 4091; x_wconf 61' lang='grc' dir='ltr'>τριεομέωυ,</span> <span class='ocrx_word' id='word_1_439' title='bbox 1458 4019 1490 4086; x_wconf 82' lang='grc' dir='ltr'><strong>ή</strong></span> <span class='ocrx_word' id='word_1_440' title='bbox 1533 4034 1606 4086; x_wconf 82' lang='grc' dir='ltr'><strong>πρ</strong></span> <span class='ocrx_word' id='word_1_441' title='bbox 1641 4033 1669 4079; x_wconf 94' lang='grc' dir='ltr'><strong>ς</strong></span> 
     </span>
    </p>
   </div>
   <div class='ocr_carea' id='block_1_59' title="bbox 63 4097 1670 4186">
    <p class='ocr_par' dir='ltr' id='par_1_59' title="bbox 63 4097 1670 4186">
     <span class='ocr_line' id='line_1_59' title="bbox 63 4097 1670 4186; baseline -0.007 -13"><span class='ocrx_word' id='word_1_442' title='bbox 63 4097 589 4185; x_wconf 62' lang='grc' dir='ltr'>ἐκεῖνον’φαίνοιτο</span> <span class='ocrx_word' id='word_1_443' title='bbox 621 4116 817 4186; x_wconf 86' lang='grc' dir='ltr'>εἰρήνη</span> <span class='ocrx_word' id='word_1_444' title='bbox 864 4113 1163 4182; x_wconf 82' lang='grc' dir='ltr'>ἀναγκαία,</span> <span class='ocrx_word' id='word_1_445' title='bbox 1206 4112 1415 4181; x_wconf 72' lang='grc' dir='ltr'>βέλτιον</span> <span class='ocrx_word' id='word_1_446' title='bbox 1447 4112 1565 4172; x_wconf 74' lang='grc' dir='ltr'>ταὶς</span> <span class='ocrx_word' id='word_1_447' title='bbox 1603 4111 1670 4162; x_wconf 67' lang='lat' dir='ltr'><strong>tito</strong></span> 
     </span>
    </p>
   </div>
   <div class='ocr_carea' id='block_1_60' title="bbox 58 4200 1673 4279">
    <p class='ocr_par' dir='ltr' id='par_1_60' title="bbox 58 4200 1673 4279">
     <span class='ocr_line' id='line_1_60' title="bbox 58 4200 1673 4279; baseline -0.007 -16"><span class='ocrx_word' id='word_1_448' title='bbox 58 4212 325 4263; x_wconf 78' lang='grc' dir='ltr'>πάντων</span> <span class='ocrx_word' id='word_1_449' title='bbox 353 4209 646 4279; x_wconf 86' lang='grc' dir='ltr'>χρωμένην</span> <span class='ocrx_word' id='word_1_450' title='bbox 677 4205 929 4276; x_wconf 85' lang='grc' dir='ltr'>γνώμαις</span> <span class='ocrx_word' id='word_1_451' title='bbox 964 4200 1255 4274; x_wconf 70' lang='grc' dir='ltr'>πράττειν,</span> <span class='ocrx_word' id='word_1_452' title='bbox 1280 4202 1316 4256; x_wconf 75' lang='grc' dir='ltr'>ἃ</span> <span class='ocrx_word' id='word_1_453' title='bbox 1347 4208 1498 4272; x_wconf 83' lang='grc' dir='ltr'>κοινῇ</span> <span class='ocrx_word' id='word_1_454' title='bbox 1526 4201 1673 4254; x_wconf 87' lang='grc' dir='ltr'>δοκεῖ</span> 
     </span>
    </p>
   </div>
   <div class='ocr_carea' id='block_1_61' title="bbox 54 4286 1673 4366">
    <p class='ocr_par' dir='ltr' id='par_1_61' title="bbox 54 4286 1673 4366">
     <span class='ocr_line' id='line_1_61' title="bbox 54 4286 1673 4366; baseline -0.007 -13"><span class='ocrx_word' id='word_1_455' title='bbox 54 4298 422 4362; x_wconf 72' lang='grc' dir='ltr'>λυσιτελεῖν,</span> <span class='ocrx_word' id='word_1_456' title='bbox 475 4295 507 4366; x_wconf 80' lang='grc' dir='ltr'>ἢ</span> <span class='ocrx_word' id='word_1_457' title='bbox 568 4297 678 4349; x_wconf 82' lang='grc' dir='ltr'><strong>τῶν</strong></span> <span class='ocrx_word' id='word_1_458' title='bbox 710 4286 889 4348; x_wconf 76' lang='grc' dir='ltr'>ἄλλων</span> <span class='ocrx_word' id='word_1_459' title='bbox 941 4292 1324 4361; x_wconf 80' lang='grc' dir='ltr'>ἁμελήσασαν,</span> <span class='ocrx_word' id='word_1_460' title='bbox 1373 4288 1673 4360; x_wconf 82' lang='grc' dir='ltr'>ἀπερισκέ-</span> 
     </span>
    </p>
   </div>
   <div class='ocr_carea' id='block_1_62' title="bbox 56 4378 1672 4459">
    <p class='ocr_par' dir='ltr' id='par_1_62' title="bbox 56 4378 1672 4459">
     <span class='ocr_line' id='line_1_62' title="bbox 56 4378 1672 4459; baseline -0.007 -14"><span class='ocrx_word' id='word_1_461' title='bbox 56 4407 252 4451; x_wconf 84' lang='grc' dir='ltr'>πτως</span> <span class='ocrx_word' id='word_1_462' title='bbox 280 4390 351 4441; x_wconf 72' lang='grc' dir='ltr'>τέι</span> <span class='ocrx_word' id='word_1_463' title='bbox 382 4386 772 4459; x_wconf 76' lang='grc' dir='ltr'>παριστάμενα</span> <span class='ocrx_word' id='word_1_464' title='bbox 799 4386 999 4437; x_wconf 80' lang='grc' dir='ltr'>ποιεῖν.</span> <span class='ocrx_word' id='word_1_465' title='bbox 1035 4382 1096 4436; x_wconf 84' lang='grc' dir='ltr'>Εἰ</span> <span class='ocrx_word' id='word_1_466' title='bbox 1135 4383 1234 4452; x_wconf 79' lang='grc' dir='ltr'>μὲν</span> <span class='ocrx_word' id='word_1_467' title='bbox 1266 4378 1362 4436; x_wconf 87' lang='grc' dir='ltr'>οὖν</span> <span class='ocrx_word' id='word_1_468' title='bbox 1403 4383 1538 4452; x_wconf 79' lang='grc' dir='ltr'>πρὸς</span> <span class='ocrx_word' id='word_1_469' title='bbox 1574 4383 1672 4449; x_wconf 86' lang='grc' dir='ltr'>τὴν</span> 
     </span>
    </p>
   </div>
   <div class='ocr_carea' id='block_1_63' title="bbox 46 4466 1673 4557">
    <p class='ocr_par' dir='ltr' id='par_1_63' title="bbox 46 4466 1673 4548">
     <span class='ocr_line' id='line_1_63' title="bbox 46 4466 1673 4548; baseline -0.007 -10"><span class='ocrx_word' id='word_1_470' title='bbox 46 4486 329 4548; x_wconf 76' lang='grc' dir='ltr'>ἀξίωσιν</span> <span class='ocrx_word' id='word_1_471' title='bbox 359 4481 542 4533; x_wconf 85' lang='grc' dir='ltr'>αὐτῶν</span> <span class='ocrx_word' id='word_1_472' title='bbox 578 4478 923 4540; x_wconf 81' lang='grc' dir='ltr'>ἐπινεύσειας</span> <span class='ocrx_word' id='word_1_473' title='bbox 979 4476 1078 4530; x_wconf 82' lang='grc' dir='ltr'>καὶ</span> <span class='ocrx_word' id='word_1_474' title='bbox 1117 4475 1277 4544; x_wconf 81' lang='grc' dir='ltr'>αὐτὴ,</span> <span class='ocrx_word' id='word_1_475' title='bbox 1320 4475 1415 4527; x_wconf 78' lang='lat' dir='ltr'><strong>xa‘t</strong></span> <span class='ocrx_word' id='word_1_476' title='bbox 1449 4466 1673 4543; x_wconf 53' lang='lat' dir='ltr'><strong>«pene</strong></span> 
     </span>
    </p>
   </div>
   <div class='ocr_carea' id='block_1_64' title="bbox 1767 2007 3346 2081">
    <p class='ocr_par' dir='ltr' id='par_1_64' title="bbox 1767 2007 3346 2081">
     <span class='ocr_line' id='line_1_64' title="bbox 1767 2007 3346 2081; baseline 0.002 -21"><span class='ocrx_word' id='word_1_477' title='bbox 1767 2007 1998 2077; x_wconf 88' lang='lat' dir='ltr'><strong>quisque</strong></span> <span class='ocrx_word' id='word_1_478' title='bbox 2024 2024 2185 2079; x_wconf 86' lang='lat' dir='ltr'><strong>quam</strong></span> <span class='ocrx_word' id='word_1_479' title='bbox 2227 2011 2434 2081; x_wconf 89' lang='lat' dir='ltr'><strong>optime</strong></span> <span class='ocrx_word' id='word_1_480' title='bbox 2480 2010 2691 2074; x_wconf 86' lang='lat' dir='ltr'><strong>licebit,</strong></span> <span class='ocrx_word' id='word_1_481' title='bbox 2728 2008 2889 2064; x_wconf 87' lang='lat' dir='ltr'><strong>saluti</strong></span> <span class='ocrx_word' id='word_1_482' title='bbox 2958 2025 3073 2064; x_wconf 71' lang='lat' dir='ltr'><strong>suae</strong></span> <span class='ocrx_word' id='word_1_483' title='bbox 3120 2025 3346 2080; x_wconf 80' lang='lat' dir='ltr'><strong>prospe-</strong></span> 
     </span>
    </p>
   </div>
   <div class='ocr_carea' id='block_1_65' title="bbox 1767 2101 3343 2174">
    <p class='ocr_par' dir='ltr' id='par_1_65' title="bbox 1767 2101 3343 2174">
     <span class='ocr_line' id='line_1_65' title="bbox 1767 2101 3343 2174; baseline 0.002 -21"><span class='ocrx_word' id='word_1_484' title='bbox 1767 2109 1915 2154; x_wconf 78' lang='lat' dir='ltr'><strong>ctum</strong></span> <span class='ocrx_word' id='word_1_485' title='bbox 1968 2114 2076 2157; x_wconf 86' lang='lat' dir='ltr'><strong>eat.</strong></span> <span class='ocrx_word' id='word_1_486' title='bbox 2105 2102 2270 2174; x_wconf 68' lang='grc'><strong>460</strong></span> <span class='ocrx_word' id='word_1_487' title='bbox 2317 2101 2521 2158; x_wconf 85' lang='lat' dir='ltr'><strong>Omnes</strong></span> <span class='ocrx_word' id='word_1_488' title='bbox 2554 2110 2738 2155; x_wconf 90' lang='lat' dir='ltr'><strong>autem</strong></span> <span class='ocrx_word' id='word_1_489' title='bbox 2782 2115 2979 2156; x_wconf 83' lang='lat' dir='ltr'><strong>sensus</strong></span> <span class='ocrx_word' id='word_1_490' title='bbox 3016 2112 3235 2169; x_wconf 78' lang='lat' dir='ltr'><strong>nostros</strong></span> <span class='ocrx_word' id='word_1_491' title='bbox 3273 2102 3343 2156; x_wconf 89' lang='lat' dir='ltr'><strong>de</strong></span> 
     </span>
    </p>
   </div>
   <div class='ocr_carea' id='block_1_66' title="bbox 1766 2193 3342 2264">
    <p class='ocr_par' dir='ltr' id='par_1_66' title="bbox 1766 2193 3342 2264">
     <span class='ocr_line' id='line_1_66' title="bbox 1766 2193 3342 2264; baseline 0.001 -18"><span class='ocrx_word' id='word_1_492' title='bbox 1766 2200 2019 2262; x_wconf 67' lang='lat' dir='ltr'><strong>praesenti</strong></span> <span class='ocrx_word' id='word_1_493' title='bbox 2071 2208 2256 2248; x_wconf 86' lang='lat' dir='ltr'><strong>rerum</strong></span> <span class='ocrx_word' id='word_1_494' title='bbox 2302 2202 2450 2248; x_wconf 84' lang='lat' dir='ltr'><strong>statu</strong></span> <span class='ocrx_word' id='word_1_495' title='bbox 2493 2193 2843 2264; x_wconf 63' lang='lat' dir='ltr'><strong>patriarchae,</strong></span> <span class='ocrx_word' id='word_1_496' title='bbox 2884 2201 3143 2262; x_wconf 83' lang='lat' dir='ltr'><strong>tanquam</strong></span> <span class='ocrx_word' id='word_1_497' title='bbox 3198 2194 3342 2264; x_wconf 86' lang='lat' dir='ltr'><strong>patri</strong></span> 
     </span>
    </p>
   </div>
   <div class='ocr_carea' id='block_1_67' title="bbox 1766 2282 3344 2355">
    <p class='ocr_par' dir='ltr' id='par_1_67' title="bbox 1766 2282 3344 2355">
     <span class='ocr_line' id='line_1_67' title="bbox 1766 2282 3344 2355; baseline -0.001 -16"><span class='ocrx_word' id='word_1_498' title='bbox 1766 2282 2041 2352; x_wconf 90' lang='lat' dir='ltr'><strong>spirituali</strong></span> <span class='ocrx_word' id='word_1_499' title='bbox 2094 2285 2496 2350; x_wconf 86' lang='lat' dir='ltr'><strong>commisimus,</strong></span> <span class='ocrx_word' id='word_1_500' title='bbox 2534 2300 2601 2340; x_wconf 83' lang='lat' dir='ltr'><strong>ex</strong></span> <span class='ocrx_word' id='word_1_501' title='bbox 2630 2300 2753 2355; x_wconf 49' lang='lat' dir='ltr'><strong>quo,</strong></span> <span class='ocrx_word' id='word_1_502' title='bbox 2785 2285 3009 2340; x_wconf 86' lang='lat' dir='ltr'><strong>clarius.</strong></span> <span class='ocrx_word' id='word_1_503' title='bbox 3035 2286 3166 2355; x_wconf 85' lang='lat' dir='ltr'><strong>quid</strong></span> <span class='ocrx_word' id='word_1_504' title='bbox 3210 2287 3344 2342; x_wconf 86' lang='lat' dir='ltr'><strong>veli-</strong></span> 
     </span>
    </p>
   </div>
   <div class='ocr_carea' id='block_1_68' title="bbox 1769 2376 3345 2448">
    <p class='ocr_par' dir='ltr' id='par_1_68' title="bbox 1769 2376 3345 2448">
     <span class='ocr_line' id='line_1_68' title="bbox 1769 2376 3345 2448; baseline 0.001 -18"><span class='ocrx_word' id='word_1_505' title='bbox 1769 2390 1912 2442; x_wconf 86' lang='lat' dir='ltr'><strong>mus,</strong></span> <span class='ocrx_word' id='word_1_506' title='bbox 1945 2377 2228 2445; x_wconf 86' lang='lat' dir='ltr'><strong>percipere</strong></span> <span class='ocrx_word' id='word_1_507' title='bbox 2254 2377 2481 2445; x_wconf 85' lang='lat' dir='ltr'><strong>poteris.</strong></span> <span class='ocrx_word' id='word_1_508' title='bbox 2515 2376 2643 2431; x_wconf 63' lang='lat' dir='ltr'><strong>Haec</strong></span> <span class='ocrx_word' id='word_1_509' title='bbox 2660 2376 2748 2430; x_wconf 91' lang='lat' dir='ltr'><strong>ubi</strong></span> <span class='ocrx_word' id='word_1_510' title='bbox 2781 2376 3064 2443; x_wconf 88' lang='lat' dir='ltr'><strong>dixerunt,</strong></span> <span class='ocrx_word' id='word_1_511' title='bbox 3109 2378 3345 2448; x_wconf 83' lang='lat' dir='ltr'><strong>patriar-</strong></span> 
     </span>
    </p>
   </div>
   <div class='ocr_carea' id='block_1_69' title="bbox 1768 2467 3345 2539">
    <p class='ocr_par' dir='ltr' id='par_1_69' title="bbox 1768 2467 3345 2539">
     <span class='ocr_line' id='line_1_69' title="bbox 1768 2467 3345 2539; baseline -0.001 -15"><span class='ocrx_word' id='word_1_512' title='bbox 1768 2469 1869 2524; x_wconf 90' lang='lat' dir='ltr'><strong>cha</strong></span> <span class='ocrx_word' id='word_1_513' title='bbox 1896 2469 2151 2538; x_wconf 90' lang='lat' dir='ltr'><strong>protinus</strong></span> <span class='ocrx_word' id='word_1_514' title='bbox 2194 2467 2334 2522; x_wconf 89' lang='lat' dir='ltr'><strong>alios</strong></span> <span class='ocrx_word' id='word_1_515' title='bbox 2381 2467 2536 2523; x_wconf 88' lang='lat' dir='ltr'><strong>abire</strong></span> <span class='ocrx_word' id='word_1_516' title='bbox 2567 2468 2751 2538; x_wconf 86' lang='lat' dir='ltr'><strong>jussit,</strong></span> <span class='ocrx_word' id='word_1_517' title='bbox 2780 2467 3043 2538; x_wconf 86' lang='lat' dir='ltr'><strong>solusque</strong></span> <span class='ocrx_word' id='word_1_518' title='bbox 3079 2470 3221 2539; x_wconf 86' lang='lat' dir='ltr'><strong>apud</strong></span> <span class='ocrx_word' id='word_1_519' title='bbox 3257 2485 3345 2524; x_wconf 85' lang='lat' dir='ltr'><strong>so-</strong></span> 
     </span>
    </p>
   </div>
   <div class='ocr_carea' id='block_1_70' title="bbox 1767 2557 3346 2630">
    <p class='ocr_par' dir='ltr' id='par_1_70' title="bbox 1767 2557 3346 2630">
     <span class='ocr_line' id='line_1_70' title="bbox 1767 2557 3346 2630; baseline 0.001 -15"><span class='ocrx_word' id='word_1_520' title='bbox 1767 2561 1904 2616; x_wconf 36' lang='lat' dir='ltr'><strong>lam‘</strong></span> <span class='ocrx_word' id='word_1_521' title='bbox 1939 2558 2339 2630; x_wconf 88' lang='lat' dir='ltr'><strong>imperatricem</strong></span> <span class='ocrx_word' id='word_1_522' title='bbox 2412 2574 2735 2621; x_wconf 77' lang='lat' dir='ltr'><strong>remanens.</strong></span> <span class='ocrx_word' id='word_1_523' title='bbox 2789 2557 2923 2624; x_wconf 87' lang='lat' dir='ltr'><strong>Quis</strong></span> <span class='ocrx_word' id='word_1_524' title='bbox 2966 2569 3074 2613; x_wconf 92' lang='lat' dir='ltr'><strong>tam</strong></span> <span class='ocrx_word' id='word_1_525' title='bbox 3129 2561 3346 2617; x_wconf 86' lang='lat' dir='ltr'><strong>invidus</strong></span> 
     </span>
    </p>
   </div>
   <div class='ocr_carea' id='block_1_71' title="bbox 1768 2648 3343 2720">
    <p class='ocr_par' dir='ltr' id='par_1_71' title="bbox 1768 2648 3343 2720">
     <span class='ocr_line' id='line_1_71' title="bbox 1768 2648 3343 2720; baseline 0 -14"><span class='ocrx_word' id='word_1_526' title='bbox 1768 2653 2006 2715; x_wconf 63' lang='lat' dir='ltr'><strong>daemon,</strong></span> <span class='ocrx_word' id='word_1_527' title='bbox 2046 2651 2245 2720; x_wconf 86' lang='lat' dir='ltr'><strong>inquit,</strong></span> <span class='ocrx_word' id='word_1_528' title='bbox 2281 2650 2345 2703; x_wconf 75' lang='lat' dir='ltr'><strong>ad</strong></span> <span class='ocrx_word' id='word_1_529' title='bbox 2378 2648 2494 2703; x_wconf 77' lang='lat' dir='ltr'><strong>haec</strong></span> <span class='ocrx_word' id='word_1_530' title='bbox 2521 2664 2628 2702; x_wconf 90' lang='lat' dir='ltr'><strong>non</strong></span> <span class='ocrx_word' id='word_1_531' title='bbox 2667 2649 2829 2702; x_wconf 89' lang='lat' dir='ltr'><strong>modo</strong></span> <span class='ocrx_word' id='word_1_532' title='bbox 2859 2649 3221 2716; x_wconf 81' lang='lat' dir='ltr'><strong>infructuosa,</strong></span> <span class='ocrx_word' id='word_1_533' title='bbox 3246 2653 3343 2707; x_wconf 89' lang='lat' dir='ltr'><strong>sed</strong></span> 
     </span>
    </p>
   </div>
   <div class='ocr_carea' id='block_1_72' title="bbox 1768 2740 3345 2811">
    <p class='ocr_par' dir='ltr' id='par_1_72' title="bbox 1768 2740 3345 2811">
     <span class='ocr_line' id='line_1_72' title="bbox 1768 2740 3345 2811; baseline -0.001 -14"><span class='ocrx_word' id='word_1_534' title='bbox 1768 2742 1919 2797; x_wconf 82' lang='lat' dir='ltr'><strong>factu</strong></span> <span class='ocrx_word' id='word_1_535' title='bbox 1954 2742 2121 2796; x_wconf 89' lang='lat' dir='ltr'><strong>etiam</strong></span> <span class='ocrx_word' id='word_1_536' title='bbox 2151 2740 2546 2810; x_wconf 86' lang='lat' dir='ltr'><strong>propemodum</strong></span> <span class='ocrx_word' id='word_1_537' title='bbox 2586 2740 2950 2811; x_wconf 83' lang='lat' dir='ltr'><strong>impossibilia</strong></span> <span class='ocrx_word' id='word_1_538' title='bbox 2996 2740 3262 2796; x_wconf 86' lang='lat' dir='ltr'><strong>volvenda</strong></span> <span class='ocrx_word' id='word_1_539' title='bbox 3292 2751 3345 2796; x_wconf 91' lang='lat' dir='ltr'><strong>te</strong></span> 
     </span>
    </p>
   </div>
   <div class='ocr_carea' id='block_1_73' title="bbox 1771 2832 3450 2900">
    <p class='ocr_par' dir='ltr' id='par_1_73' title="bbox 1771 2832 3450 2900">
     <span class='ocr_line' id='line_1_73' title="bbox 1771 2832 3450 2900; baseline 0 -12"><span class='ocrx_word' id='word_1_540' title='bbox 1771 2832 2302 2900; x_wconf 70' lang='lat' dir='ltr'><strong>induxit?Qua:nam</strong></span> <span class='ocrx_word' id='word_1_541' title='bbox 2336 2835 2576 2887; x_wconf 86' lang='lat' dir='ltr'><strong>rationes</strong></span> <span class='ocrx_word' id='word_1_542' title='bbox 2604 2848 2656 2887; x_wconf 90' lang='lat' dir='ltr'><strong>te</strong></span> <span class='ocrx_word' id='word_1_543' title='bbox 2683 2843 2929 2899; x_wconf 85' lang='lat' dir='ltr'><strong>movent,</strong></span> <span class='ocrx_word' id='word_1_544' title='bbox 2977 2842 3035 2888; x_wconf 93' lang='lat' dir='ltr'><strong>ut</strong></span> <span class='ocrx_word' id='word_1_545' title='bbox 3075 2833 3348 2891; x_wconf 87' lang='lat' dir='ltr'><strong>Cantacu-</strong></span> <span class='ocrx_word' id='word_1_546' title='bbox 3446 2860 3450 2865; x_wconf 92' lang='lat'><strong><em>-</em></strong></span> 
     </span>
    </p>
   </div>
   <div class='ocr_carea' id='block_1_74' title="bbox 1772 2924 3347 2995">
    <p class='ocr_par' dir='ltr' id='par_1_74' title="bbox 1772 2924 3347 2995">
     <span class='ocr_line' id='line_1_74' title="bbox 1772 2924 3347 2995; baseline 0.002 -16"><span class='ocrx_word' id='word_1_547' title='bbox 1772 2940 1968 2980; x_wconf 76' lang='lat' dir='ltr'><strong>aenum</strong></span> <span class='ocrx_word' id='word_1_548' title='bbox 2017 2925 2117 2980; x_wconf 85' lang='lat' dir='ltr'><strong>tibi</strong></span> <span class='ocrx_word' id='word_1_549' title='bbox 2165 2924 2458 2980; x_wconf 80' lang='lat' dir='ltr'><strong>acliberis</strong></span> <span class='ocrx_word' id='word_1_550' title='bbox 2510 2925 2620 2978; x_wconf 89' lang='lat' dir='ltr'><strong>tuis</strong></span> <span class='ocrx_word' id='word_1_551' title='bbox 2655 2941 2897 2995; x_wconf 90' lang='lat' dir='ltr'><strong>unquam</strong></span> <span class='ocrx_word' id='word_1_552' title='bbox 2940 2926 3179 2981; x_wconf 87' lang='lat' dir='ltr'><strong>amicum</strong></span> <span class='ocrx_word' id='word_1_553' title='bbox 3221 2941 3347 2982; x_wconf 83' lang='lat' dir='ltr'><strong>esse</strong></span> 
     </span>
    </p>
   </div>
   <div class='ocr_carea' id='block_1_75' title="bbox 1772 3015 3344 3087">
    <p class='ocr_par' dir='ltr' id='par_1_75' title="bbox 1772 3015 3344 3087">
     <span class='ocr_line' id='line_1_75' title="bbox 1772 3015 3344 3087; baseline 0.002 -17"><span class='ocrx_word' id='word_1_554' title='bbox 1772 3030 1932 3087; x_wconf 91' lang='lat' dir='ltr'><strong>posse</strong></span> <span class='ocrx_word' id='word_1_555' title='bbox 1961 3015 2292 3072; x_wconf 80' lang='lat' dir='ltr'><strong>existimes?</strong></span> <span class='ocrx_word' id='word_1_556' title='bbox 2329 3015 2432 3081; x_wconf 87' lang='lat' dir='ltr'><strong>Qui</strong></span> <span class='ocrx_word' id='word_1_557' title='bbox 2478 3016 2625 3071; x_wconf 89' lang='lat' dir='ltr'><strong>enim</strong></span> <span class='ocrx_word' id='word_1_558' title='bbox 2669 3031 2849 3086; x_wconf 89' lang='lat' dir='ltr'><strong>neque</strong></span> <span class='ocrx_word' id='word_1_559' title='bbox 2874 3016 2944 3072; x_wconf 89' lang='lat' dir='ltr'><strong>ab</strong></span> <span class='ocrx_word' id='word_1_560' title='bbox 2988 3016 3344 3087; x_wconf 86' lang='lat' dir='ltr'><strong>imperatore,</strong></span> 
     </span>
    </p>
   </div>
   <div class='ocr_carea' id='block_1_76' title="bbox 1773 3108 3344 3178">
    <p class='ocr_par' dir='ltr' id='par_1_76' title="bbox 1773 3108 3344 3178">
     <span class='ocr_line' id='line_1_76' title="bbox 1773 3108 3344 3178; baseline 0.001 -16"><span class='ocrx_word' id='word_1_561' title='bbox 1773 3124 1954 3178; x_wconf 88' lang='lat' dir='ltr'><strong>neque</strong></span> <span class='ocrx_word' id='word_1_562' title='bbox 1984 3108 2082 3164; x_wconf 90' lang='lat' dir='ltr'><strong>abs</strong></span> <span class='ocrx_word' id='word_1_563' title='bbox 2108 3116 2163 3163; x_wconf 90' lang='lat' dir='ltr'><strong>te</strong></span> <span class='ocrx_word' id='word_1_564' title='bbox 2204 3108 2357 3178; x_wconf 89' lang='lat' dir='ltr'><strong>prius</strong></span> <span class='ocrx_word' id='word_1_565' title='bbox 2387 3109 2494 3163; x_wconf 83' lang='lat' dir='ltr'><strong>ulla</strong></span> <span class='ocrx_word' id='word_1_566' title='bbox 2522 3108 2576 3163; x_wconf 91' lang='lat' dir='ltr'><strong>in</strong></span> <span class='ocrx_word' id='word_1_567' title='bbox 2612 3124 2670 3163; x_wconf 92' lang='lat' dir='ltr'><strong>re</strong></span> <span class='ocrx_word' id='word_1_568' title='bbox 2699 3109 2967 3174; x_wconf 87' lang='lat' dir='ltr'><strong>oll&#39;ensus,</strong></span> <span class='ocrx_word' id='word_1_569' title='bbox 3003 3112 3098 3164; x_wconf 88' lang='lat' dir='ltr'><strong>sed</strong></span> <span class='ocrx_word' id='word_1_570' title='bbox 3135 3109 3344 3165; x_wconf 55' lang='lat' dir='ltr'><strong>diutis»</strong></span> 
     </span>
    </p>
   </div>
   <div class='ocr_carea' id='block_1_77' title="bbox 1774 3200 3344 3266">
    <p class='ocr_par' dir='ltr' id='par_1_77' title="bbox 1774 3200 3344 3266">
     <span class='ocr_line' id='line_1_77' title="bbox 1774 3200 3344 3266; baseline -0.001 -10"><span class='ocrx_word' id='word_1_571' title='bbox 1774 3201 1914 3256; x_wconf 87' lang='lat' dir='ltr'><strong>sime</strong></span> <span class='ocrx_word' id='word_1_572' title='bbox 1933 3200 2121 3255; x_wconf 87' lang='lat' dir='ltr'><strong>multis</strong></span> <span class='ocrx_word' id='word_1_573' title='bbox 2141 3201 2302 3257; x_wconf 88' lang='lat' dir='ltr'><strong>bonis</strong></span> <span class='ocrx_word' id='word_1_574' title='bbox 2320 3201 2653 3266; x_wconf 86' lang='lat' dir='ltr'><strong>cumulatus,</strong></span> <span class='ocrx_word' id='word_1_575' title='bbox 2679 3201 2828 3254; x_wconf 87' lang='lat' dir='ltr'><strong>brevi</strong></span> <span class='ocrx_word' id='word_1_576' title='bbox 2849 3201 3095 3256; x_wconf 82' lang='lat' dir='ltr'><strong>omnium</strong></span> <span class='ocrx_word' id='word_1_577' title='bbox 3118 3201 3344 3266; x_wconf 80' lang='lat' dir='ltr'><strong>oblitus,</strong></span> 
     </span>
    </p>
   </div>
   <div class='ocr_carea' id='block_1_78' title="bbox 1776 3292 3350 3362">
    <p class='ocr_par' dir='ltr' id='par_1_78' title="bbox 1776 3292 3350 3362">
     <span class='ocr_line' id='line_1_78' title="bbox 1776 3292 3350 3362; baseline 0 -15"><span class='ocrx_word' id='word_1_578' title='bbox 1776 3308 1883 3347; x_wconf 92' lang='lat' dir='ltr'><strong>non</strong></span> <span class='ocrx_word' id='word_1_579' title='bbox 1930 3292 2166 3362; x_wconf 90' lang='lat' dir='ltr'><strong>imperio</strong></span> <span class='ocrx_word' id='word_1_580' title='bbox 2206 3292 2406 3357; x_wconf 90' lang='lat' dir='ltr'><strong>solum,</strong></span> <span class='ocrx_word' id='word_1_581' title='bbox 2435 3292 2530 3346; x_wconf 90' lang='lat' dir='ltr'><strong>sed</strong></span> <span class='ocrx_word' id='word_1_582' title='bbox 2575 3292 2737 3347; x_wconf 90' lang='lat' dir='ltr'><strong>saluti</strong></span> <span class='ocrx_word' id='word_1_583' title='bbox 2766 3292 2931 3348; x_wconf 86' lang='lat' dir='ltr'><strong>etiam</strong></span> <span class='ocrx_word' id='word_1_584' title='bbox 2972 3303 3172 3349; x_wconf 70' lang='lat' dir='ltr'><strong>vestrae</strong></span> <span class='ocrx_word' id='word_1_585' title='bbox 3211 3292 3350 3348; x_wconf 82' lang='lat' dir='ltr'><strong>insi-</strong></span> 
     </span>
    </p>
   </div>
   <div class='ocr_carea' id='block_1_79' title="bbox 1772 3382 3347 3457">
    <p class='ocr_par' dir='ltr' id='par_1_79' title="bbox 1772 3382 3347 3457">
     <span class='ocr_line' id='line_1_79' title="bbox 1772 3382 3347 3457; baseline 0.001 -18"><span class='ocrx_word' id='word_1_586' title='bbox 1772 3384 1954 3440; x_wconf 88' lang='lat' dir='ltr'><strong>diatus</strong></span> <span class='ocrx_word' id='word_1_587' title='bbox 2007 3393 2113 3446; x_wconf 88' lang='lat' dir='ltr'><strong>est,</strong></span> <span class='ocrx_word' id='word_1_588' title='bbox 2172 3400 2281 3454; x_wconf 90' lang='lat' dir='ltr'><strong>quo</strong></span> <span class='ocrx_word' id='word_1_589' title='bbox 2313 3382 2473 3453; x_wconf 77' lang='lat' dir='ltr'><strong>pacto</strong></span> <span class='ocrx_word' id='word_1_590' title='bbox 2501 3385 2587 3445; x_wconf 88' lang='lat' dir='ltr'><strong>.illi</strong></span> <span class='ocrx_word' id='word_1_591' title='bbox 2628 3385 2760 3440; x_wconf 88' lang='lat' dir='ltr'><strong>tides</strong></span> <span class='ocrx_word' id='word_1_592' title='bbox 2808 3386 2861 3440; x_wconf 92' lang='lat' dir='ltr'><strong>in</strong></span> <span class='ocrx_word' id='word_1_593' title='bbox 2922 3385 3168 3440; x_wconf 79' lang='lat' dir='ltr'><strong>futurum</strong></span> <span class='ocrx_word' id='word_1_594' title='bbox 3219 3386 3347 3457; x_wconf 85' lang='lat' dir='ltr'><strong>jure</strong></span> 
     </span>
    </p>
   </div>
   <div class='ocr_carea' id='block_1_80' title="bbox 1773 3475 3348 3548">
    <p class='ocr_par' dir='ltr' id='par_1_80' title="bbox 1773 3475 3348 3548">
     <span class='ocr_line' id='line_1_80' title="bbox 1773 3475 3348 3548; baseline 0.003 -19"><span class='ocrx_word' id='word_1_595' title='bbox 1773 3475 2108 3531; x_wconf 76' lang='lat' dir='ltr'><strong>habebitur?</strong></span> <span class='ocrx_word' id='word_1_596' title='bbox 2155 3478 2319 3546; x_wconf 88' lang='lat' dir='ltr'><strong>idque</strong></span> <span class='ocrx_word' id='word_1_597' title='bbox 2348 3491 2472 3529; x_wconf 89' lang='lat' dir='ltr'><strong>cum</strong></span> <span class='ocrx_word' id='word_1_598' title='bbox 2505 3491 2611 3531; x_wconf 89' lang='lat' dir='ltr'><strong>non</strong></span> <span class='ocrx_word' id='word_1_599' title='bbox 2644 3478 2797 3545; x_wconf 90' lang='lat' dir='ltr'><strong>pauci</strong></span> <span class='ocrx_word' id='word_1_600' title='bbox 2824 3492 2926 3548; x_wconf 91' lang='lat' dir='ltr'><strong>per</strong></span> <span class='ocrx_word' id='word_1_601' title='bbox 2977 3486 3191 3547; x_wconf 85' lang='lat' dir='ltr'><strong>tempus</strong></span> <span class='ocrx_word' id='word_1_602' title='bbox 3217 3477 3348 3533; x_wconf 90' lang='lat' dir='ltr'><strong>belli</strong></span> 
     </span>
    </p>
   </div>
   <div class='ocr_carea' id='block_1_81' title="bbox 1773 3548 3350 3625">
    <p class='ocr_par' dir='ltr' id='par_1_81' title="bbox 1773 3548 3350 3625">
     <span class='ocr_line' id='line_1_81' title="bbox 1773 3548 3350 3625; baseline 0.002 -3"><span class='ocrx_word' id='word_1_603' title='bbox 1773 3570 1828 3622; x_wconf 92' lang='lat' dir='ltr'><strong>in</strong></span> <span class='ocrx_word' id='word_1_604' title='bbox 1850 3582 1975 3621; x_wconf 91' lang='lat' dir='ltr'><strong>eum</strong></span> <span class='ocrx_word' id='word_1_605' title='bbox 2007 3566 2392 3622; x_wconf 79' lang='lat' dir='ltr'><strong>contumeliosi</strong></span> <span class='ocrx_word' id='word_1_606' title='bbox 2438 3567 2609 3623; x_wconf 80' lang='lat' dir='ltr'><strong>fuisse</strong></span> <span class='ocrx_word' id='word_1_607' title='bbox 2654 3548 2965 3624; x_wconf 78' lang='lat' dir='ltr'><strong>videantur.</strong></span> <span class='ocrx_word' id='word_1_608' title='bbox 2999 3569 3118 3624; x_wconf 87' lang='lat' dir='ltr'><strong>Non</strong></span> <span class='ocrx_word' id='word_1_609' title='bbox 3152 3580 3202 3625; x_wconf 89' lang='lat' dir='ltr'><strong>te</strong></span> <span class='ocrx_word' id='word_1_610' title='bbox 3253 3586 3350 3624; x_wconf 88' lang='lat' dir='ltr'><strong>au-</strong></span> 
     </span>
    </p>
   </div>
   <div class='ocr_carea' id='block_1_82' title="bbox 1774 3657 3349 3730">
    <p class='ocr_par' dir='ltr' id='par_1_82' title="bbox 1774 3657 3349 3730">
     <span class='ocr_line' id='line_1_82' title="bbox 1774 3657 3349 3730; baseline 0.003 -19"><span class='ocrx_word' id='word_1_611' title='bbox 1774 3666 1881 3712; x_wconf 88' lang='lat' dir='ltr'><strong>tem</strong></span> <span class='ocrx_word' id='word_1_612' title='bbox 1911 3657 2072 3728; x_wconf 78' lang='lat' dir='ltr'><strong>fugit,</strong></span> <span class='ocrx_word' id='word_1_613' title='bbox 2107 3661 2278 3727; x_wconf 87' lang='lat' dir='ltr'><strong>quam‘</strong></span> <span class='ocrx_word' id='word_1_614' title='bbox 2297 3658 2364 3711; x_wconf 89' lang='lat' dir='ltr'><strong>iis</strong></span> <span class='ocrx_word' id='word_1_615' title='bbox 2392 3658 2486 3727; x_wconf 91' lang='lat' dir='ltr'><strong>qui</strong></span> <span class='ocrx_word' id='word_1_616' title='bbox 2518 3657 2640 3712; x_wconf 58' lang='lat' dir='ltr'><strong>alii,</strong></span> <span class='ocrx_word' id='word_1_617' title='bbox 2669 3658 2987 3729; x_wconf 86' lang='lat' dir='ltr'><strong>imperitare</strong></span> <span class='ocrx_word' id='word_1_618' title='bbox 3042 3670 3097 3714; x_wconf 87' lang='lat' dir='ltr'><strong>et</strong></span> <span class='ocrx_word' id='word_1_619' title='bbox 3131 3660 3349 3730; x_wconf 87' lang='lat' dir='ltr'><strong>publice</strong></span> 
     </span>
    </p>
   </div>
   <div class='ocr_carea' id='block_1_83' title="bbox 1773 3747 3350 3820">
    <p class='ocr_par' dir='ltr' id='par_1_83' title="bbox 1773 3747 3350 3820">
     <span class='ocr_line' id='line_1_83' title="bbox 1773 3747 3350 3820; baseline 0.003 -17"><span class='ocrx_word' id='word_1_620' title='bbox 1773 3749 1878 3803; x_wconf 90' lang='lat' dir='ltr'><strong>coli</strong></span> <span class='ocrx_word' id='word_1_621' title='bbox 1909 3764 1973 3802; x_wconf 91' lang='lat' dir='ltr'><strong>ac</strong></span> <span class='ocrx_word' id='word_1_622' title='bbox 2002 3747 2263 3802; x_wconf 88' lang='lat' dir='ltr'><strong>honorari</strong></span> <span class='ocrx_word' id='word_1_623' title='bbox 2308 3758 2735 3816; x_wconf 86' lang='lat' dir='ltr'><strong>consueverunt,</strong></span> <span class='ocrx_word' id='word_1_624' title='bbox 2760 3750 3076 3820; x_wconf 84' lang='lat' dir='ltr'><strong>hujusmodi</strong></span> <span class='ocrx_word' id='word_1_625' title='bbox 3133 3751 3350 3820; x_wconf 67' lang='lat' dir='ltr'><strong>injuriae</strong></span> 
     </span>
    </p>
   </div>
   <div class='ocr_carea' id='block_1_84' title="bbox 1775 3837 3347 3912">
    <p class='ocr_par' dir='ltr' id='par_1_84' title="bbox 1775 3837 3347 3912">
     <span class='ocr_line' id='line_1_84' title="bbox 1775 3837 3347 3912; baseline 0.004 -20"><span class='ocrx_word' id='word_1_626' title='bbox 1775 3838 2147 3893; x_wconf 88' lang='lat' dir='ltr'><strong>intolerabiles</strong></span> <span class='ocrx_word' id='word_1_627' title='bbox 2169 3837 2300 3892; x_wconf 91' lang='lat' dir='ltr'><strong>sint.</strong></span> <span class='ocrx_word' id='word_1_628' title='bbox 2334 3837 2389 3891; x_wconf 91' lang='lat' dir='ltr'><strong>Si</strong></span> <span class='ocrx_word' id='word_1_629' title='bbox 2428 3847 2674 3908; x_wconf 87' lang='lat' dir='ltr'><strong>tempore</strong></span> <span class='ocrx_word' id='word_1_630' title='bbox 2703 3841 3039 3908; x_wconf 90' lang='lat' dir='ltr'><strong>procedente</strong></span> <span class='ocrx_word' id='word_1_631' title='bbox 3087 3857 3191 3912; x_wconf 83' lang='lat' dir='ltr'><strong>pax</strong></span> <span class='ocrx_word' id='word_1_632' title='bbox 3217 3858 3347 3899; x_wconf 89' lang='lat' dir='ltr'><strong>cum</strong></span> 
     </span>
    </p>
   </div>
   <div class='ocr_carea' id='block_1_85' title="bbox 1775 3929 3347 4000">
    <p class='ocr_par' dir='ltr' id='par_1_85' title="bbox 1775 3929 3347 4000">
     <span class='ocr_line' id='line_1_85' title="bbox 1775 3929 3347 4000; baseline 0.003 -15"><span class='ocrx_word' id='word_1_633' title='bbox 1775 3931 1868 3985; x_wconf 89' lang='lat' dir='ltr'><strong>illo</strong></span> <span class='ocrx_word' id='word_1_634' title='bbox 1899 3930 2208 3986; x_wconf 83' lang='lat' dir='ltr'><strong>necessaria</strong></span> <span class='ocrx_word' id='word_1_635' title='bbox 2254 3929 2611 3999; x_wconf 81' lang='lat' dir='ltr'><strong>judicabitur,</strong></span> <span class='ocrx_word' id='word_1_636' title='bbox 2668 3932 2948 4000; x_wconf 59' lang='lat' dir='ltr'><strong>praestabit</strong></span> <span class='ocrx_word' id='word_1_637' title='bbox 3001 3933 3070 3988; x_wconf 88' lang='lat' dir='ltr'><strong>de</strong></span> <span class='ocrx_word' id='word_1_638' title='bbox 3099 3937 3347 3989; x_wconf 87' lang='lat' dir='ltr'><strong>omnium</strong></span> 
     </span>
    </p>
   </div>
   <div class='ocr_carea' id='block_1_86' title="bbox 1774 4021 3353 4092">
    <p class='ocr_par' dir='ltr' id='par_1_86' title="bbox 1774 4021 3353 4092">
     <span class='ocr_line' id='line_1_86' title="bbox 1774 4021 3353 4092; baseline 0.004 -17"><span class='ocrx_word' id='word_1_639' title='bbox 1774 4031 2024 4075; x_wconf 90' lang='lat' dir='ltr'><strong>nostrum</strong></span> <span class='ocrx_word' id='word_1_640' title='bbox 2054 4023 2327 4074; x_wconf 85' lang='lat' dir='ltr'><strong>sententia</strong></span> <span class='ocrx_word' id='word_1_641' title='bbox 2375 4021 2578 4087; x_wconf 77' lang='lat' dir='ltr'><strong>facere,</strong></span> <span class='ocrx_word' id='word_1_642' title='bbox 2610 4038 2732 4092; x_wconf 69' lang='lat' dir='ltr'><strong>qua:</strong></span> <span class='ocrx_word' id='word_1_643' title='bbox 2764 4023 2909 4078; x_wconf 83' lang='lat' dir='ltr'><strong>bono</strong></span> <span class='ocrx_word' id='word_1_644' title='bbox 2934 4025 3045 4079; x_wconf 91' lang='lat' dir='ltr'><strong>sint</strong></span> <span class='ocrx_word' id='word_1_645' title='bbox 3069 4027 3353 4089; x_wconf 71' lang='lat' dir='ltr'><strong>omnibus;</strong></span> 
     </span>
    </p>
   </div>
   <div class='ocr_carea' id='block_1_87' title="bbox 1763 4112 3351 4186">
    <p class='ocr_par' dir='ltr' id='par_1_87' title="bbox 1763 4112 3351 4186">
     <span class='ocr_line' id='line_1_87' title="bbox 1763 4112 3351 4186; baseline 0.002 -19"><span class='ocrx_word' id='word_1_646' title='bbox 1763 4114 2093 4186; x_wconf 35' lang='lat' dir='ltr'><strong>.qnam‘aliis</strong></span> <span class='ocrx_word' id='word_1_647' title='bbox 2118 4128 2225 4166; x_wconf 92' lang='lat' dir='ltr'><strong>non</strong></span> <span class='ocrx_word' id='word_1_648' title='bbox 2246 4112 2557 4182; x_wconf 87' lang='lat' dir='ltr'><strong>appellatis,</strong></span> <span class='ocrx_word' id='word_1_649' title='bbox 2587 4113 2905 4169; x_wconf 87' lang='lat' dir='ltr'><strong>inconsulto</strong></span> <span class='ocrx_word' id='word_1_650' title='bbox 2935 4115 3082 4184; x_wconf 92' lang='lat' dir='ltr'><strong>quod</strong></span> <span class='ocrx_word' id='word_1_651' title='bbox 3108 4115 3162 4169; x_wconf 89' lang='lat' dir='ltr'><strong>in</strong></span> <span class='ocrx_word' id='word_1_652' title='bbox 3196 4131 3351 4170; x_wconf 81' lang='lat' dir='ltr'><strong>men-</strong></span> 
     </span>
    </p>
   </div>
   <div class='ocr_carea' id='block_1_88' title="bbox 1777 4200 3351 4277">
    <p class='ocr_par' dir='ltr' id='par_1_88' title="bbox 1777 4200 3351 4277">
     <span class='ocr_line' id='line_1_88' title="bbox 1777 4200 3351 4277; baseline 0 -14"><span class='ocrx_word' id='word_1_653' title='bbox 1777 4218 1884 4263; x_wconf 90' lang='lat' dir='ltr'><strong>tem</strong></span> <span class='ocrx_word' id='word_1_654' title='bbox 1908 4205 2060 4260; x_wconf 81' lang='lat' dir='ltr'><strong>venit</strong></span> <span class='ocrx_word' id='word_1_655' title='bbox 2102 4205 2350 4274; x_wconf 83' lang='lat' dir='ltr'><strong>exsequi.</strong></span> <span class='ocrx_word' id='word_1_656' title='bbox 2381 4204 2724 4277; x_wconf 76' lang='lat' dir='ltr'><strong>Quapropter</strong></span> <span class='ocrx_word' id='word_1_657' title='bbox 2769 4200 2814 4261; x_wconf 75' lang='grc' dir='ltr'><strong>δῖ</strong></span> <span class='ocrx_word' id='word_1_658' title='bbox 2840 4221 3033 4261; x_wconf 91' lang='lat' dir='ltr'><strong>eorum</strong></span> <span class='ocrx_word' id='word_1_659' title='bbox 3055 4209 3351 4277; x_wconf 75' lang='lat' dir='ltr'><strong>postulatis</strong></span> 
     </span>
    </p>
   </div>
   <div class='ocr_carea' id='block_1_89' title="bbox 1772 4295 3340 4367">
    <p class='ocr_par' dir='ltr' id='par_1_89' title="bbox 1772 4295 3340 4367">
     <span class='ocr_line' id='line_1_89' title="bbox 1772 4295 3340 4367; baseline -0.001 -14"><span class='ocrx_word' id='word_1_660' title='bbox 1772 4311 2044 4360; x_wconf 83' lang='lat' dir='ltr'><strong>annuens,</strong></span> <span class='ocrx_word' id='word_1_661' title='bbox 2073 4305 2263 4351; x_wconf 89' lang='lat' dir='ltr'><strong>contra</strong></span> <span class='ocrx_word' id='word_1_662' title='bbox 2294 4295 2558 4364; x_wconf 88' lang='lat' dir='ltr'><strong>promissa</strong></span> <span class='ocrx_word' id='word_1_663' title='bbox 2603 4296 2743 4350; x_wconf 91' lang='lat' dir='ltr'><strong>nihil</strong></span> <span class='ocrx_word' id='word_1_664' title='bbox 2788 4312 3030 4367; x_wconf 89' lang='lat' dir='ltr'><strong>unquam</strong></span> <span class='ocrx_word' id='word_1_665' title='bbox 3068 4308 3123 4352; x_wconf 89' lang='lat' dir='ltr'><strong>te</strong></span> <span class='ocrx_word' id='word_1_666' title='bbox 3170 4297 3340 4352; x_wconf 72' lang='lat' dir='ltr'><strong>lactu-</strong></span> 
     </span>
    </p>
   </div>
   <div class='ocr_carea' id='block_1_90' title="bbox 1774 4387 3347 4461">
    <p class='ocr_par' dir='ltr' id='par_1_90' title="bbox 1774 4387 3347 4461">
     <span class='ocr_line' id='line_1_90' title="bbox 1774 4387 3347 4461; baseline 0.003 -19"><span class='ocrx_word' id='word_1_667' title='bbox 1774 4403 1889 4442; x_wconf 92' lang='lat' dir='ltr'><strong>ram</strong></span> <span class='ocrx_word' id='word_1_668' title='bbox 1950 4388 2109 4442; x_wconf 86' lang='lat' dir='ltr'><strong>lldem</strong></span> <span class='ocrx_word' id='word_1_669' title='bbox 2164 4387 2402 4452; x_wconf 78' lang='lat' dir='ltr'><strong>dederis,</strong></span> <span class='ocrx_word' id='word_1_670' title='bbox 2464 4387 2567 4457; x_wconf 88' lang='lat' dir='ltr'><strong>ipsi</strong></span> <span class='ocrx_word' id='word_1_671' title='bbox 2618 4387 2859 4444; x_wconf 88' lang='lat' dir='ltr'><strong>vicissim</strong></span> <span class='ocrx_word' id='word_1_672' title='bbox 2923 4404 3025 4459; x_wconf 90' lang='lat' dir='ltr'><strong>pro</strong></span> <span class='ocrx_word' id='word_1_673' title='bbox 3060 4389 3347 4461; x_wconf 81' lang='lat' dir='ltr'><strong>dignitate,</strong></span> 
     </span>
    </p>
   </div>
   <div class='ocr_carea' id='block_1_91' title="bbox 1777 4478 3350 4549">
    <p class='ocr_par' dir='ltr' id='par_1_91' title="bbox 1777 4478 3350 4549">
     <span class='ocr_line' id='line_1_91' title="bbox 1777 4478 3350 4549; baseline -0.001 -15"><span class='ocrx_word' id='word_1_674' title='bbox 1777 4480 2192 4548; x_wconf 82' lang='lat' dir='ltr'><strong>commodisque</strong></span> <span class='ocrx_word' id='word_1_675' title='bbox 2225 4478 2333 4533; x_wconf 82' lang='lat' dir='ltr'><strong>tuis</strong></span> <span class='ocrx_word' id='word_1_676' title='bbox 2352 4488 2407 4532; x_wconf 93' lang='lat' dir='ltr'><strong>et</strong></span> <span class='ocrx_word' id='word_1_677' title='bbox 2437 4478 2723 4548; x_wconf 85' lang='lat' dir='ltr'><strong>pecunias,</strong></span> <span class='ocrx_word' id='word_1_678' title='bbox 2758 4493 2815 4533; x_wconf 91' lang='lat' dir='ltr'><strong>et</strong></span> <span class='ocrx_word' id='word_1_679' title='bbox 2839 4479 3124 4549; x_wconf 87' lang='lat' dir='ltr'><strong>oppositus</strong></span> <span class='ocrx_word' id='word_1_680' title='bbox 3156 4495 3350 4549; x_wconf 85' lang='lat' dir='ltr'><strong>corpo-</strong></span> 
     </span>
    </p>
   </div>
   <div class='ocr_carea' id='block_1_92' title="bbox 54 4565 1667 4647">
    <p class='ocr_par' dir='ltr' id='par_1_92' title="bbox 54 4565 1667 4647">
     <span class='ocr_line' id='line_1_92' title="bbox 54 4565 1667 4647; baseline -0.007 -18"><span class='ocrx_word' id='word_1_681' title='bbox 54 4577 300 4647; x_wconf 75' lang='grc' dir='ltr'>μέλλον</span> <span class='ocrx_word' id='word_1_682' title='bbox 344 4576 533 4626; x_wconf 86' lang='grc' dir='ltr'>πίστιν</span> <span class='ocrx_word' id='word_1_683' title='bbox 563 4573 688 4625; x_wconf 77' lang='grc' dir='ltr'>τινὰ</span> <span class='ocrx_word' id='word_1_684' title='bbox 738 4568 1067 4640; x_wconf 86' lang='grc' dir='ltr'>παράσχοιο,</span> <span class='ocrx_word' id='word_1_685' title='bbox 1111 4566 1184 4626; x_wconf 82' lang='grc' dir='ltr'><strong>ὼ;</strong></span> <span class='ocrx_word' id='word_1_686' title='bbox 1216 4566 1371 4619; x_wconf 82' lang='grc' dir='ltr'>οὐδὲν</span> <span class='ocrx_word' id='word_1_687' title='bbox 1414 4565 1667 4618; x_wconf 73' lang='grc' dir='ltr'>οὐδέποτε</span> 
     </span>
    </p>
   </div>
   <div class='ocr_carea' id='block_1_93' title="bbox 1771 4565 3345 4647">
    <p class='ocr_par' dir='ltr' id='par_1_93' title="bbox 1778 4570 3345 4641">
     <span class='ocr_line' id='line_1_93' title="bbox 1778 4570 3345 4641; baseline 0.001 -17"><span class='ocrx_word' id='word_1_688' title='bbox 1778 4587 1896 4626; x_wconf 90' lang='lat' dir='ltr'><strong>rum</strong></span> <span class='ocrx_word' id='word_1_689' title='bbox 1933 4587 2181 4631; x_wconf 86' lang='lat' dir='ltr'><strong>suorum.</strong></span> <span class='ocrx_word' id='word_1_690' title='bbox 2215 4583 2291 4632; x_wconf 89' lang='lat' dir='ltr'><strong>et,</strong></span> <span class='ocrx_word' id='word_1_691' title='bbox 2318 4571 2367 4625; x_wconf 90' lang='lat' dir='ltr'><strong>si</strong></span> <span class='ocrx_word' id='word_1_692' title='bbox 2414 4586 2638 4637; x_wconf 82' lang='lat' dir='ltr'><strong>necesse</strong></span> <span class='ocrx_word' id='word_1_693' title='bbox 2666 4570 2794 4641; x_wconf 86' lang='lat' dir='ltr'><strong>erit,</strong></span> <span class='ocrx_word' id='word_1_694' title='bbox 2836 4587 2944 4640; x_wconf 85' lang='lat' dir='ltr'><strong>qua</strong></span> <span class='ocrx_word' id='word_1_695' title='bbox 2987 4572 3065 4626; x_wconf 91' lang='lat' dir='ltr'><strong>nil</strong></span> <span class='ocrx_word' id='word_1_696' title='bbox 3103 4574 3345 4638; x_wconf 81' lang='lat' dir='ltr'><strong>charius,</strong></span> 
     </span>
    </p>
   </div>
   <div class='ocr_carea' id='block_1_94' title="bbox 45 4653 1671 4738">
    <p class='ocr_par' dir='ltr' id='par_1_94' title="bbox 45 4653 1671 4738">
     <span class='ocr_line' id='line_1_94' title="bbox 45 4653 1671 4738; baseline -0.009 -17"><span class='ocrx_word' id='word_1_697' title='bbox 45 4667 256 4738; x_wconf 72' lang='grc' dir='ltr'>παρὰ</span> <span class='ocrx_word' id='word_1_698' title='bbox 288 4668 356 4719; x_wconf 76' lang='grc' dir='ltr'><strong>τὰ</strong></span> <span class='ocrx_word' id='word_1_699' title='bbox 395 4666 752 4734; x_wconf 81' lang='grc' dir='ltr'>ὑπεσχημένα</span> <span class='ocrx_word' id='word_1_700' title='bbox 798 4662 1042 4731; x_wconf 75' lang='grc' dir='ltr'>δράσεις,</span> <span class='ocrx_word' id='word_1_701' title='bbox 1079 4658 1174 4711; x_wconf 82' lang='grc' dir='ltr'>καὶ</span> <span class='ocrx_word' id='word_1_702' title='bbox 1223 4658 1379 4710; x_wconf 82' lang='grc' dir='ltr'><strong>αύτοί</strong></span> <span class='ocrx_word' id='word_1_703' title='bbox 1419 4672 1503 4709; x_wconf 85' lang='grc' dir='ltr'><strong>σοι</strong></span> <span class='ocrx_word' id='word_1_704' title='bbox 1535 4653 1671 4723; x_wconf 80' lang='grc' dir='ltr'>πρὸς</span> 
     </span>
    </p>
   </div>
   <div class='ocr_carea' id='block_1_95' title="bbox 42 4744 1672 4827">
    <p class='ocr_par' dir='ltr' id='par_1_95' title="bbox 42 4744 1672 4827">
     <span class='ocr_line' id='line_1_95' title="bbox 42 4744 1672 4827; baseline -0.012 -12"><span class='ocrx_word' id='word_1_705' title='bbox 42 4765 281 4815; x_wconf 78' lang='grc' dir='ltr'>πάντα</span> <span class='ocrx_word' id='word_1_706' title='bbox 315 4756 413 4814; x_wconf 72' lang='grc' dir='ltr'>καὶ</span> <span class='ocrx_word' id='word_1_707' title='bbox 450 4758 696 4827; x_wconf 83' lang='grc' dir='ltr'>χρήμασι</span> <span class='ocrx_word' id='word_1_708' title='bbox 766 4744 1130 4821; x_wconf 65' lang='grc' dir='ltr'>καὶισώμασι</span> <span class='ocrx_word' id='word_1_709' title='bbox 1185 4748 1463 4817; x_wconf 55' lang='grc' dir='ltr'>πρόθυμοι</span> <span class='ocrx_word' id='word_1_710' title='bbox 1504 4762 1672 4798; x_wconf 79' lang='grc' dir='ltr'>συνα-</span> 
     </span>
    </p>
   </div>
   <div class='ocr_carea' id='block_1_96' title="bbox 42 4838 1673 4925">
    <p class='ocr_par' dir='ltr' id='par_1_96' title="bbox 42 4838 1673 4925">
     <span class='ocr_line' id='line_1_96' title="bbox 42 4838 1673 4925; baseline -0.012 -17"><span class='ocrx_word' id='word_1_711' title='bbox 42 4848 454 4923; x_wconf 77' lang='grc' dir='ltr'>γωνιοῦνται,</span> <span class='ocrx_word' id='word_1_712' title='bbox 483 4849 577 4900; x_wconf 80' lang='grc' dir='ltr'>καὶ</span> <span class='ocrx_word' id='word_1_713' title='bbox 601 4845 711 4899; x_wconf 74' lang='grc' dir='ltr'>οὐδ’</span> <span class='ocrx_word' id='word_1_714' title='bbox 740 4843 934 4915; x_wconf 80' lang='grc' dir='ltr'>αὐτῆς,</span> <span class='ocrx_word' id='word_1_715' title='bbox 982 4842 1194 4925; x_wconf 41' lang='grc' dir='ltr'>είιδέοι,</span> <span class='ocrx_word' id='word_1_716' title='bbox 1226 4842 1327 4910; x_wconf 81' lang='grc' dir='ltr'>τῆς</span> <span class='ocrx_word' id='word_1_717' title='bbox 1363 4839 1524 4909; x_wconf 82' lang='grc' dir='ltr'>φίλης</span> <span class='ocrx_word' id='word_1_718' title='bbox 1552 4838 1673 4906; x_wconf 83' lang='grc' dir='ltr'>φεί-</span> 
     </span>
    </p>
   </div>
   <div class='ocr_carea' id='block_1_97' title="bbox 41 4930 1676 5009">
    <p class='ocr_par' dir='ltr' id='par_1_97' title="bbox 41 4930 1676 5009">
     <span class='ocr_line' id='line_1_97' title="bbox 41 4930 1676 5009; baseline -0.013 -9"><span class='ocrx_word' id='word_1_719' title='bbox 41 4958 292 5001; x_wconf 79' lang='grc' dir='ltr'>σονται</span> <span class='ocrx_word' id='word_1_720' title='bbox 324 4940 492 5009; x_wconf 79' lang='grc' dir='ltr'>ζωῆς,</span> <span class='ocrx_word' id='word_1_721' title='bbox 531 4936 670 4991; x_wconf 82' lang='grc' dir='ltr'>ὥστε</span> <span class='ocrx_word' id='word_1_722' title='bbox 701 4936 989 5006; x_wconf 74' lang='grc' dir='ltr'>προΐεσθαι</span> <span class='ocrx_word' id='word_1_723' title='bbox 1023 4934 1166 5003; x_wconf 82' lang='grc' dir='ltr'>ὑπὲρ</span> <span class='ocrx_word' id='word_1_724' title='bbox 1202 4932 1313 4984; x_wconf 87' lang='grc' dir='ltr'><strong>τῶν</strong></span> <span class='ocrx_word' id='word_1_725' title='bbox 1343 4947 1426 4983; x_wconf 90' lang='grc' dir='ltr'><strong>σοι</strong></span> <span class='ocrx_word' id='word_1_726' title='bbox 1464 4930 1676 4983; x_wconf 57' lang='grc' dir='ltr'>λυσιτε-</span> 
     </span>
    </p>
   </div>
   <div class='ocr_carea' id='block_1_98' title="bbox 37 5022 1673 5096">
    <p class='ocr_par' dir='ltr' id='par_1_98' title="bbox 37 5022 1673 5096">
     <span class='ocr_line' id='line_1_98' title="bbox 37 5022 1673 5096; baseline -0.013 -3"><span class='ocrx_word' id='word_1_727' title='bbox 37 5038 363 5093; x_wconf 71' lang='grc' dir='ltr'>λούντων.</span> <span class='ocrx_word' id='word_1_728' title='bbox 394 5032 492 5084; x_wconf 75' lang='grc' dir='ltr'>Ἂν</span> <span class='ocrx_word' id='word_1_729' title='bbox 546 5029 593 5082; x_wconf 86' lang='grc' dir='ltr'>δ’</span> <span class='ocrx_word' id='word_1_730' title='bbox 649 5028 852 5096; x_wconf 75' lang='grc' dir='ltr'>ἑτέρως</span> <span class='ocrx_word' id='word_1_731' title='bbox 904 5026 1201 5079; x_wconf 79' lang='grc' dir='ltr'>αίσοωνται</span> <span class='ocrx_word' id='word_1_732' title='bbox 1250 5022 1673 5095; x_wconf 75' lang='grc' dir='ltr'>βουλευομένην,</span> 
     </span>
    </p>
   </div>
   <div class='ocr_carea' id='block_1_99' title="bbox 32 5112 1675 5196">
    <p class='ocr_par' dir='ltr' id='par_1_99' title="bbox 32 5112 1675 5196">
     <span class='ocr_line' id='line_1_99' title="bbox 32 5112 1675 5196; baseline -0.014 -8"><span class='ocrx_word' id='word_1_733' title='bbox 32 5128 249 5188; x_wconf 80' lang='grc' dir='ltr'>ὀκνῶ</span> <span class='ocrx_word' id='word_1_734' title='bbox 275 5127 378 5196; x_wconf 78' lang='grc' dir='ltr'>μὲν</span> <span class='ocrx_word' id='word_1_735' title='bbox 401 5125 597 5191; x_wconf 80' lang='grc' dir='ltr'>εἰπεῖν,</span> <span class='ocrx_word' id='word_1_736' title='bbox 622 5119 1001 5191; x_wconf 82' lang='grc' dir='ltr'>ἀποκρύπτειν</span> <span class='ocrx_word' id='word_1_737' title='bbox 1035 5116 1091 5171; x_wconf 80' lang='grc' dir='ltr'>δὲ</span> <span class='ocrx_word' id='word_1_738' title='bbox 1122 5117 1185 5169; x_wconf 85' lang='grc' dir='ltr'><strong>ού</strong></span> <span class='ocrx_word' id='word_1_739' title='bbox 1204 5116 1436 5179; x_wconf 79' lang='grc' dir='ltr'>δίκαιον,</span> <span class='ocrx_word' id='word_1_740' title='bbox 1468 5114 1544 5176; x_wconf 85' lang='grc' dir='ltr'>ὡς</span> <span class='ocrx_word' id='word_1_741' title='bbox 1576 5112 1675 5182; x_wconf 90' lang='grc' dir='ltr'><strong>μία</strong></span> 
     </span>
    </p>
   </div>
   <div class='ocr_carea' id='block_1_100' title="bbox 28 5200 1678 5287">
    <p class='ocr_par' dir='ltr' id='par_1_100' title="bbox 28 5200 1678 5287">
     <span class='ocr_line' id='line_1_100' title="bbox 28 5200 1678 5287; baseline -0.013 -9"><span class='ocrx_word' id='word_1_742' title='bbox 28 5200 242 5278; x_wconf 69' lang='grc' dir='ltr'>πᾶσι</span> <span class='ocrx_word' id='word_1_743' title='bbox 266 5218 515 5287; x_wconf 82' lang='grc' dir='ltr'>παρέστη</span> <span class='ocrx_word' id='word_1_744' title='bbox 541 5213 758 5285; x_wconf 84' lang='grc' dir='ltr'>γνώμη,</span> <span class='ocrx_word' id='word_1_745' title='bbox 787 5211 884 5266; x_wconf 78' lang='grc' dir='ltr'>καὶ</span> <span class='ocrx_word' id='word_1_746' title='bbox 901 5212 1083 5282; x_wconf 82' lang='grc' dir='ltr'>ὅρκοις</span> <span class='ocrx_word' id='word_1_747' title='bbox 1109 5210 1209 5279; x_wconf 79' lang='grc' dir='ltr'>τὴν</span> <span class='ocrx_word' id='word_1_748' title='bbox 1228 5208 1483 5278; x_wconf 77' lang='grc' dir='ltr'>ὁμόνοιαν</span> <span class='ocrx_word' id='word_1_749' title='bbox 1502 5208 1678 5276; x_wconf 73' lang='grc' dir='ltr'>ἠσφα-</span> 
     </span>
    </p>
   </div>
   <div class='ocr_carea' id='block_1_101' title="bbox 33 5298 1676 5381">
    <p class='ocr_par' dir='ltr' id='par_1_101' title="bbox 33 5298 1676 5381">
     <span class='ocr_line' id='line_1_101' title="bbox 33 5298 1676 5381; baseline -0.013 -9"><span class='ocrx_word' id='word_1_750' title='bbox 33 5319 354 5378; x_wconf 74' lang='grc' dir='ltr'>λίσαντο,</span> <span class='ocrx_word' id='word_1_751' title='bbox 387 5310 447 5363; x_wconf 80' lang='grc' dir='ltr'>σὲ</span> <span class='ocrx_word' id='word_1_752' title='bbox 483 5310 581 5381; x_wconf 77' lang='grc' dir='ltr'>μὲν</span> <span class='ocrx_word' id='word_1_753' title='bbox 610 5309 703 5361; x_wconf 72' lang='grc' dir='ltr'>καὶ</span> <span class='ocrx_word' id='word_1_754' title='bbox 736 5306 931 5367; x_wconf 81' lang='grc' dir='ltr'>παῖδας</span> <span class='ocrx_word' id='word_1_755' title='bbox 957 5303 1305 5356; x_wconf 85' lang='grc' dir='ltr'>ἀποκτείνειν</span> <span class='ocrx_word' id='word_1_756' title='bbox 1333 5321 1344 5334; x_wconf 89' lang='grc'><strong>·</strong></span> <span class='ocrx_word' id='word_1_757' title='bbox 1382 5301 1578 5362; x_wconf 75' lang='grc' dir='ltr'>αὐτοὺς</span> <span class='ocrx_word' id='word_1_758' title='bbox 1618 5298 1676 5352; x_wconf 74' lang='grc' dir='ltr'>δὲ</span> 
     </span>
    </p>
   </div>
   <div class='ocr_carea' id='block_1_102' title="bbox 29 5390 1675 5471">
    <p class='ocr_par' dir='ltr' id='par_1_102' title="bbox 29 5390 1675 5471">
     <span class='ocr_line' id='line_1_102' title="bbox 29 5390 1675 5471; baseline -0.015 -6"><span class='ocrx_word' id='word_1_759' title='bbox 29 5406 403 5471; x_wconf 76' lang='grc' dir='ltr'>Βυζάντιον</span> <span class='ocrx_word' id='word_1_760' title='bbox 430 5400 784 5469; x_wconf 84' lang='grc' dir='ltr'>κατέχοντας,</span> <span class='ocrx_word' id='word_1_761' title='bbox 812 5396 953 5449; x_wconf 81' lang='grc' dir='ltr'>ὅπλα</span> <span class='ocrx_word' id='word_1_762' title='bbox 1002 5390 1449 5460; x_wconf 63' lang='grc' dir='ltr'>Καντακουζῃνῷ</span> <span class='ocrx_word' id='word_1_763' title='bbox 1486 5390 1675 5443; x_wconf 82' lang='grc' dir='ltr'>ἁνταί·</span> 
     </span>
    </p>
   </div>
   <div class='ocr_carea' id='block_1_103' title="bbox 34 5474 1676 5573">
    <p class='ocr_par' dir='ltr' id='par_1_103' title="bbox 34 5474 1676 5573">
     <span class='ocr_line' id='line_1_103' title="bbox 34 5474 1676 5573; baseline -0.012 -21"><span class='ocrx_word' id='word_1_764' title='bbox 34 5515 223 5573; x_wconf 77' lang='grc' dir='ltr'>ρειν</span> <span class='ocrx_word' id='word_1_765' title='bbox 282 5494 445 5565; x_wconf 82' lang='grc' dir='ltr'>μέχρι</span> <span class='ocrx_word' id='word_1_766' title='bbox 506 5494 709 5552; x_wconf 81' lang='grc' dir='ltr'>παντὸς</span> <span class='ocrx_word' id='word_1_767' title='bbox 759 5489 855 5541; x_wconf 82' lang='grc' dir='ltr'>τοῦ</span> <span class='ocrx_word' id='word_1_768' title='bbox 885 5474 1135 5540; x_wconf 48' lang='grc' dir='ltr'>δυνατοῦ,</span> <span class='ocrx_word' id='word_1_769' title='bbox 1166 5486 1264 5536; x_wconf 74' lang='grc' dir='ltr'>Ἂν</span> <span class='ocrx_word' id='word_1_770' title='bbox 1298 5484 1342 5536; x_wconf 85' lang='grc' dir='ltr'>δ’</span> <span class='ocrx_word' id='word_1_771' title='bbox 1395 5480 1676 5540; x_wconf 80' lang='grc' dir='ltr'>ἀδυνάτως</span> 
     </span>
    </p>
   </div>
   <div class='ocr_carea' id='block_1_104' title="bbox 26 5573 1675 5662">
    <p class='ocr_par' dir='ltr' id='par_1_104' title="bbox 26 5573 1675 5662">
     <span class='ocr_line' id='line_1_104' title="bbox 26 5573 1675 5662; baseline -0.012 -21"><span class='ocrx_word' id='word_1_772' title='bbox 26 5595 272 5662; x_wconf 76' lang='grc' dir='ltr'>ἔχωσι</span> <span class='ocrx_word' id='word_1_773' title='bbox 307 5588 441 5655; x_wconf 65' lang='grc' dir='ltr'>πρὸς</span> <span class='ocrx_word' id='word_1_774' title='bbox 465 5583 526 5636; x_wconf 82' lang='grc' dir='ltr'>τὸ</span> <span class='ocrx_word' id='word_1_775' title='bbox 572 5579 902 5651; x_wconf 80' lang='grc' dir='ltr'>ἀμύνεσθαι,</span> <span class='ocrx_word' id='word_1_776' title='bbox 948 5577 1148 5647; x_wconf 79' lang='grc' dir='ltr'>μᾶλλον</span> <span class='ocrx_word' id='word_1_777' title='bbox 1196 5573 1480 5646; x_wconf 83' lang='grc' dir='ltr'>αἱροῦνται</span> <span class='ocrx_word' id='word_1_778' title='bbox 1523 5573 1675 5624; x_wconf 78' lang='grc' dir='ltr'>Ἀλε-</span> 
     </span>
    </p>
   </div>
   <div class='ocr_carea' id='block_1_105' title="bbox 22 5666 1677 5752">
    <p class='ocr_par' dir='ltr' id='par_1_105' title="bbox 22 5666 1677 5752">
     <span class='ocr_line' id='line_1_105' title="bbox 22 5666 1677 5752; baseline -0.013 -14"><span class='ocrx_word' id='word_1_779' title='bbox 22 5680 316 5752; x_wconf 73' lang='grc' dir='ltr'>ξάνδρῳ</span> <span class='ocrx_word' id='word_1_780' title='bbox 364 5675 442 5746; x_wconf 83' lang='grc' dir='ltr'>τῷ</span> <span class='ocrx_word' id='word_1_781' title='bbox 472 5675 675 5729; x_wconf 87' lang='grc' dir='ltr'>Μυσῶν</span> <span class='ocrx_word' id='word_1_782' title='bbox 704 5672 917 5745; x_wconf 73' lang='grc' dir='ltr'>βασιλεῖ</span> <span class='ocrx_word' id='word_1_783' title='bbox 943 5667 1213 5723; x_wconf 86' lang='grc' dir='ltr'>δουλεύειν</span> <span class='ocrx_word' id='word_1_784' title='bbox 1238 5667 1338 5733; x_wconf 83' lang='grc' dir='ltr'><strong>τὴν</strong></span> <span class='ocrx_word' id='word_1_785' title='bbox 1384 5666 1537 5718; x_wconf 82' lang='grc' dir='ltr'>πόλιν</span> <span class='ocrx_word' id='word_1_786' title='bbox 1570 5683 1677 5718; x_wconf 85' lang='grc' dir='ltr'>πα-</span> 
     </span>
    </p>
   </div>
   <div class='ocr_carea' id='block_1_106' title="bbox 24 5757 1674 5848">
    <p class='ocr_par' dir='ltr' id='par_1_106' title="bbox 24 5757 1674 5848">
     <span class='ocr_line' id='line_1_106' title="bbox 24 5757 1674 5848; baseline -0.013 -19"><span class='ocrx_word' id='word_1_787' title='bbox 24 5771 391 5848; x_wconf 69' lang='grc' dir='ltr'>ραδόντας,</span> <span class='ocrx_word' id='word_1_788' title='bbox 418 5768 450 5837; x_wconf 76' lang='grc' dir='ltr'><strong>ἢ</strong></span> <span class='ocrx_word' id='word_1_789' title='bbox 485 5770 597 5829; x_wconf 82' lang='grc' dir='ltr'>τοῖς</span> <span class='ocrx_word' id='word_1_790' title='bbox 628 5768 691 5819; x_wconf 66' lang='grc' dir='ltr'>ἐκ</span> <span class='ocrx_word' id='word_1_791' title='bbox 722 5763 997 5825; x_wconf 85' lang='grc' dir='ltr'>Βενετίας,</span> <span class='ocrx_word' id='word_1_792' title='bbox 1037 5761 1070 5831; x_wconf 78' lang='grc' dir='ltr'>ἢ</span> <span class='ocrx_word' id='word_1_793' title='bbox 1105 5758 1366 5819; x_wconf 81' lang='grc' dir='ltr'>Γεννούας</span> <span class='ocrx_word' id='word_1_794' title='bbox 1400 5757 1674 5822; x_wconf 83' lang='grc' dir='ltr'>Λατίνοις,</span> 
     </span>
    </p>
   </div>
   <div class='ocr_carea' id='block_1_107' title="bbox 14 5849 1673 5945">
    <p class='ocr_par' dir='ltr' id='par_1_107' title="bbox 14 5849 1673 5945">
     <span class='ocr_line' id='line_1_107' title="bbox 14 5849 1673 5945; baseline -0.011 -25"><span class='ocrx_word' id='word_1_795' title='bbox 14 5875 70 5945; x_wconf 74' lang='grc' dir='ltr'><strong>ἢ</strong></span> <span class='ocrx_word' id='word_1_796' title='bbox 150 5859 623 5932; x_wconf 74' lang='grc' dir='ltr'>Καντακουζηνῷ</span> <span class='ocrx_word' id='word_1_797' title='bbox 669 5856 907 5927; x_wconf 76' lang='grc' dir='ltr'>δεσπότῃ</span> <span class='ocrx_word' id='word_1_798' title='bbox 940 5852 1199 5926; x_wconf 76' lang='grc' dir='ltr'>χρῆσθαι.</span> <span class='ocrx_word' id='word_1_799' title='bbox 1226 5852 1356 5907; x_wconf 80' lang='grc' dir='ltr'>Ὅτε</span> <span class='ocrx_word' id='word_1_800' title='bbox 1402 5849 1496 5903; x_wconf 75' lang='grc' dir='ltr'>οὖν</span> <span class='ocrx_word' id='word_1_801' title='bbox 1531 5851 1568 5921; x_wconf 78' lang='grc' dir='ltr'><strong>ή</strong></span> <span class='ocrx_word' id='word_1_802' title='bbox 1613 5867 1673 5903; x_wconf 86' lang='grc' dir='ltr'><strong>τε</strong></span> 
     </span>
    </p>
   </div>
   <div class='ocr_carea' id='block_1_108' title="bbox 1775 4661 3347 4730">
    <p class='ocr_par' dir='ltr' id='par_1_108' title="bbox 1775 4661 3347 4730">
     <span class='ocr_line' id='line_1_108' title="bbox 1775 4661 3347 4730; baseline 0.001 -15"><span class='ocrx_word' id='word_1_803' title='bbox 1775 4661 2014 4715; x_wconf 87' lang='lat' dir='ltr'><strong>animam</strong></span> <span class='ocrx_word' id='word_1_804' title='bbox 2074 4661 2506 4730; x_wconf 80' lang='lat' dir='ltr'><strong>sanguinemque</strong></span> <span class='ocrx_word' id='word_1_805' title='bbox 2536 4676 2696 4715; x_wconf 88' lang='lat' dir='ltr'><strong>suum</strong></span> <span class='ocrx_word' id='word_1_806' title='bbox 2727 4661 3079 4730; x_wconf 82' lang='lat' dir='ltr'><strong>pollicentur.</strong></span> <span class='ocrx_word' id='word_1_807' title='bbox 3113 4661 3169 4717; x_wconf 89' lang='lat' dir='ltr'><strong>Si</strong></span> <span class='ocrx_word' id='word_1_808' title='bbox 3198 4663 3347 4717; x_wconf 80' lang='lat' dir='ltr'><strong>aliud</strong></span> 
     </span>
    </p>
   </div>
   <div class='ocr_carea' id='block_1_109' title="bbox 1779 4750 3352 4820">
    <p class='ocr_par' dir='ltr' id='par_1_109' title="bbox 1779 4750 3352 4820">
     <span class='ocr_line' id='line_1_109' title="bbox 1779 4750 3352 4820; baseline 0.001 -16"><span class='ocrx_word' id='word_1_809' title='bbox 1779 4759 1831 4804; x_wconf 91' lang='lat' dir='ltr'><strong>te</strong></span> <span class='ocrx_word' id='word_1_810' title='bbox 1861 4751 2001 4804; x_wconf 87' lang='lat' dir='ltr'><strong>velle</strong></span> <span class='ocrx_word' id='word_1_811' title='bbox 2029 4750 2341 4819; x_wconf 80' lang='lat' dir='ltr'><strong>cognorint.</strong></span> <span class='ocrx_word' id='word_1_812' title='bbox 2371 4750 2571 4804; x_wconf 88' lang='lat' dir='ltr'><strong>horreo</strong></span> <span class='ocrx_word' id='word_1_813' title='bbox 2616 4750 2818 4815; x_wconf 80' lang='lat' dir='ltr'><strong>dicere,</strong></span> <span class='ocrx_word' id='word_1_814' title='bbox 2850 4753 2995 4820; x_wconf 88' lang='lat' dir='ltr'><strong>quod</strong></span> <span class='ocrx_word' id='word_1_815' title='bbox 3031 4767 3209 4807; x_wconf 89' lang='lat' dir='ltr'><strong>tamen</strong></span> <span class='ocrx_word' id='word_1_816' title='bbox 3257 4768 3352 4806; x_wconf 82' lang='lat' dir='ltr'><strong>oc-</strong></span> 
     </span>
    </p>
   </div>
   <div class='ocr_carea' id='block_1_110' title="bbox 1781 4841 3348 4908">
    <p class='ocr_par' dir='ltr' id='par_1_110' title="bbox 1781 4841 3348 4908">
     <span class='ocr_line' id='line_1_110' title="bbox 1781 4841 3348 4908; baseline 0 -12"><span class='ocrx_word' id='word_1_817' title='bbox 1781 4842 1992 4896; x_wconf 91' lang='lat' dir='ltr'><strong>cultum</strong></span> <span class='ocrx_word' id='word_1_818' title='bbox 2027 4842 2216 4895; x_wconf 88' lang='lat' dir='ltr'><strong>haberi</strong></span> <span class='ocrx_word' id='word_1_819' title='bbox 2245 4856 2354 4895; x_wconf 88' lang='lat' dir='ltr'><strong>non</strong></span> <span class='ocrx_word' id='word_1_820' title='bbox 2392 4841 2578 4905; x_wconf 88' lang='lat' dir='ltr'><strong>debet,</strong></span> <span class='ocrx_word' id='word_1_821' title='bbox 2637 4856 2792 4896; x_wconf 88' lang='lat' dir='ltr'><strong>mens</strong></span> <span class='ocrx_word' id='word_1_822' title='bbox 2818 4843 3079 4897; x_wconf 89' lang='lat' dir='ltr'><strong>omnibus</strong></span> <span class='ocrx_word' id='word_1_823' title='bbox 3113 4857 3219 4897; x_wconf 92' lang='lat' dir='ltr'><strong>una</strong></span> <span class='ocrx_word' id='word_1_824' title='bbox 3240 4851 3348 4908; x_wconf 70' lang='lat' dir='ltr'><strong>est,</strong></span> 
     </span>
    </p>
   </div>
   <div class='ocr_carea' id='block_1_111' title="bbox 1776 4931 3352 4996">
    <p class='ocr_par' dir='ltr' id='par_1_111' title="bbox 1776 4931 3352 4996">
     <span class='ocr_line' id='line_1_111' title="bbox 1776 4931 3352 4996; baseline 0 -9"><span class='ocrx_word' id='word_1_825' title='bbox 1776 4941 1831 4987; x_wconf 87' lang='lat' dir='ltr'><strong>et</strong></span> <span class='ocrx_word' id='word_1_826' title='bbox 1864 4945 2270 4987; x_wconf 86' lang='lat' dir='ltr'><strong>sacramentum</strong></span> <span class='ocrx_word' id='word_1_827' title='bbox 2313 4931 2457 4985; x_wconf 91' lang='lat' dir='ltr'><strong>inter</strong></span> <span class='ocrx_word' id='word_1_828' title='bbox 2481 4947 2541 4986; x_wconf 88' lang='lat' dir='ltr'><strong>se</strong></span> <span class='ocrx_word' id='word_1_829' title='bbox 2563 4932 2843 4996; x_wconf 90' lang='lat' dir='ltr'><strong>dixerunt,</strong></span> <span class='ocrx_word' id='word_1_830' title='bbox 2879 4938 2938 4984; x_wconf 93' lang='lat' dir='ltr'><strong>ut</strong></span> <span class='ocrx_word' id='word_1_831' title='bbox 2969 4941 3023 4987; x_wconf 91' lang='lat' dir='ltr'><strong>te</strong></span> <span class='ocrx_word' id='word_1_832' title='bbox 3052 4947 3176 4987; x_wconf 90' lang='lat' dir='ltr'><strong>cum</strong></span> <span class='ocrx_word' id='word_1_833' title='bbox 3212 4933 3352 4987; x_wconf 86' lang='lat' dir='ltr'><strong>libe-</strong></span> 
     </span>
    </p>
   </div>
   <div class='ocr_carea' id='block_1_112' title="bbox 1779 5023 3349 5094">
    <p class='ocr_par' dir='ltr' id='par_1_112' title="bbox 1779 5023 3349 5094">
     <span class='ocr_line' id='line_1_112' title="bbox 1779 5023 3349 5094; baseline -0.001 -16"><span class='ocrx_word' id='word_1_834' title='bbox 1779 5024 1855 5080; x_wconf 90' lang='lat' dir='ltr'><strong>ris</strong></span> <span class='ocrx_word' id='word_1_835' title='bbox 1879 5024 2280 5088; x_wconf 85' lang='lat' dir='ltr'><strong>contrucidata,</strong></span> <span class='ocrx_word' id='word_1_836' title='bbox 2309 5023 2627 5094; x_wconf 74' lang='lat' dir='ltr'><strong>Byzantium</strong></span> <span class='ocrx_word' id='word_1_837' title='bbox 2665 5031 2956 5092; x_wconf 92' lang='lat' dir='ltr'><strong>occupent,</strong></span> <span class='ocrx_word' id='word_1_838' title='bbox 2982 5034 3040 5078; x_wconf 90' lang='lat' dir='ltr'><strong>et</strong></span> <span class='ocrx_word' id='word_1_839' title='bbox 3075 5023 3349 5079; x_wconf 83' lang='lat' dir='ltr'><strong>Cantacu-</strong></span> 
     </span>
    </p>
   </div>
   <div class='ocr_carea' id='block_1_113' title="bbox 1779 5114 3351 5185">
    <p class='ocr_par' dir='ltr' id='par_1_113' title="bbox 1779 5114 3351 5185">
     <span class='ocr_line' id='line_1_113' title="bbox 1779 5114 3351 5185; baseline 0 -14"><span class='ocrx_word' id='word_1_840' title='bbox 1779 5131 1936 5182; x_wconf 87' lang='lat' dir='ltr'><strong>zeno,</strong></span> <span class='ocrx_word' id='word_1_841' title='bbox 1971 5132 2079 5185; x_wconf 83' lang='lat' dir='ltr'><strong>qua</strong></span> <span class='ocrx_word' id='word_1_842' title='bbox 2112 5117 2387 5170; x_wconf 86' lang='lat' dir='ltr'><strong>valuerint</strong></span> <span class='ocrx_word' id='word_1_843' title='bbox 2418 5115 2620 5170; x_wconf 87' lang='lat' dir='ltr'><strong>virtute</strong></span> <span class='ocrx_word' id='word_1_844' title='bbox 2671 5114 2953 5169; x_wconf 83' lang='lat' dir='ltr'><strong>resistant.</strong></span> <span class='ocrx_word' id='word_1_845' title='bbox 2990 5114 3048 5170; x_wconf 87' lang='lat' dir='ltr'><strong>Si</strong></span> <span class='ocrx_word' id='word_1_846' title='bbox 3088 5115 3142 5169; x_wconf 90' lang='lat' dir='ltr'><strong>id</strong></span> <span class='ocrx_word' id='word_1_847' title='bbox 3168 5116 3351 5171; x_wconf 83' lang='lat' dir='ltr'><strong>minus</strong></span> 
     </span>
    </p>
   </div>
   <div class='ocr_carea' id='block_1_114' title="bbox 1732 5206 3349 5279">
    <p class='ocr_par' dir='ltr' id='par_1_114' title="bbox 1732 5206 3349 5279">
     <span class='ocr_line' id='line_1_114' title="bbox 1732 5206 3349 5279; baseline 0 -17"><span class='ocrx_word' id='word_1_848' title='bbox 1732 5208 1739 5217; x_wconf 82' lang='grc'><em>’</em></span> <span class='ocrx_word' id='word_1_849' title='bbox 1778 5217 2056 5279; x_wconf 86' lang='lat' dir='ltr'><strong>poterunt,</strong></span> <span class='ocrx_word' id='word_1_850' title='bbox 2086 5206 2395 5262; x_wconf 80' lang='lat' dir='ltr'><strong>Alexandro</strong></span> <span class='ocrx_word' id='word_1_851' title='bbox 2438 5206 2733 5261; x_wconf 65' lang='lat' dir='ltr'><strong>Moesorum</strong></span> <span class='ocrx_word' id='word_1_852' title='bbox 2769 5206 2883 5275; x_wconf 72' lang='lat' dir='ltr'><strong>regi</strong></span> <span class='ocrx_word' id='word_1_853' title='bbox 2918 5208 3052 5261; x_wconf 88' lang='lat' dir='ltr'><strong>urbe</strong></span> <span class='ocrx_word' id='word_1_854' title='bbox 3083 5206 3349 5262; x_wconf 85' lang='lat' dir='ltr'><strong>transdita</strong></span> 
     </span>
    </p>
   </div>
   <div class='ocr_carea' id='block_1_115' title="bbox 1777 5297 3349 5368">
    <p class='ocr_par' dir='ltr' id='par_1_115' title="bbox 1777 5297 3349 5368">
     <span class='ocr_line' id='line_1_115' title="bbox 1777 5297 3349 5368; baseline -0.001 -13"><span class='ocrx_word' id='word_1_855' title='bbox 1777 5302 1987 5355; x_wconf 89' lang='lat' dir='ltr'><strong>servire</strong></span> <span class='ocrx_word' id='word_1_856' title='bbox 2017 5300 2249 5363; x_wconf 87' lang='lat' dir='ltr'><strong>malunt,</strong></span> <span class='ocrx_word' id='word_1_857' title='bbox 2286 5313 2449 5368; x_wconf 91' lang='lat' dir='ltr'><strong>quam</strong></span> <span class='ocrx_word' id='word_1_858' title='bbox 2479 5305 2575 5352; x_wconf 89' lang='lat' dir='ltr'><strong>aut</strong></span> <span class='ocrx_word' id='word_1_859' title='bbox 2615 5297 2872 5362; x_wconf 83' lang='lat' dir='ltr'><strong>Venetos,</strong></span> <span class='ocrx_word' id='word_1_860' title='bbox 2904 5303 2998 5351; x_wconf 92' lang='lat' dir='ltr'><strong>aut</strong></span> <span class='ocrx_word' id='word_1_861' title='bbox 3027 5297 3349 5353; x_wconf 82' lang='lat' dir='ltr'><strong>Genuenses</strong></span> 
     </span>
    </p>
   </div>
   <div class='ocr_carea' id='block_1_116' title="bbox 1778 5388 3344 5459">
    <p class='ocr_par' dir='ltr' id='par_1_116' title="bbox 1778 5388 3344 5459">
     <span class='ocr_line' id='line_1_116' title="bbox 1778 5388 3344 5459; baseline -0.001 -13"><span class='ocrx_word' id='word_1_862' title='bbox 1778 5393 2023 5455; x_wconf 88' lang='lat' dir='ltr'><strong>Latinos,</strong></span> <span class='ocrx_word' id='word_1_863' title='bbox 2059 5400 2156 5445; x_wconf 84' lang='lat' dir='ltr'><strong>aut</strong></span> <span class='ocrx_word' id='word_1_864' title='bbox 2186 5389 2629 5445; x_wconf 86' lang='lat' dir='ltr'><strong>Cantacuzenum</strong></span> <span class='ocrx_word' id='word_1_865' title='bbox 2655 5388 2910 5443; x_wconf 85' lang='lat' dir='ltr'><strong>dominos</strong></span> <span class='ocrx_word' id='word_1_866' title='bbox 2946 5390 3178 5459; x_wconf 86' lang='lat' dir='ltr'><strong>perpeti.</strong></span> <span class='ocrx_word' id='word_1_867' title='bbox 3202 5390 3344 5456; x_wconf 85' lang='lat' dir='ltr'><strong>Quia</strong></span> 
     </span>
    </p>
   </div>
   <div class='ocr_carea' id='block_1_117' title="bbox 1779 5481 3350 5555">
    <p class='ocr_par' dir='ltr' id='par_1_117' title="bbox 1779 5481 3350 5555">
     <span class='ocr_line' id='line_1_117' title="bbox 1779 5481 3350 5555; baseline -0.001 -17"><span class='ocrx_word' id='word_1_868' title='bbox 1779 5484 1948 5555; x_wconf 79' lang='lat' dir='ltr'><strong>igitur</strong></span> <span class='ocrx_word' id='word_1_869' title='bbox 1969 5483 2178 5553; x_wconf 82' lang='lat' dir='ltr'><strong>justum</strong></span> <span class='ocrx_word' id='word_1_870' title='bbox 2221 5491 2436 5551; x_wconf 89' lang='lat' dir='ltr'><strong>petunt,</strong></span> <span class='ocrx_word' id='word_1_871' title='bbox 2469 5495 2773 5549; x_wconf 87' lang='lat' dir='ltr'><strong>eorumque</strong></span> <span class='ocrx_word' id='word_1_872' title='bbox 2804 5481 3129 5551; x_wconf 87' lang='lat' dir='ltr'><strong>petitionem</strong></span> <span class='ocrx_word' id='word_1_873' title='bbox 3164 5482 3350 5553; x_wconf 82' lang='lat' dir='ltr'><strong>despi-</strong></span> 
     </span>
    </p>
   </div>
   <div class='ocr_carea' id='block_1_118' title="bbox 1760 5572 3346 5642">
    <p class='ocr_par' dir='ltr' id='par_1_118' title="bbox 1760 5572 3346 5642">
     <span class='ocr_line' id='line_1_118' title="bbox 1760 5572 3346 5642; baseline 0 -12"><span class='ocrx_word' id='word_1_874' title='bbox 1760 5578 1925 5639; x_wconf 66' lang='lat' dir='ltr'><strong>‘cere,</strong></span> <span class='ocrx_word' id='word_1_875' title='bbox 1965 5587 2076 5627; x_wconf 88' lang='lat' dir='ltr'><strong>non</strong></span> <span class='ocrx_word' id='word_1_876' title='bbox 2129 5574 2226 5627; x_wconf 89' lang='lat' dir='ltr'><strong>tibi</strong></span> <span class='ocrx_word' id='word_1_877' title='bbox 2261 5574 2436 5627; x_wconf 89' lang='lat' dir='ltr'><strong>solum</strong></span> <span class='ocrx_word' id='word_1_878' title='bbox 2473 5588 2536 5627; x_wconf 88' lang='lat' dir='ltr'><strong>ac</strong></span> <span class='ocrx_word' id='word_1_879' title='bbox 2587 5572 2791 5628; x_wconf 83' lang='lat' dir='ltr'><strong>&#39;liheris</strong></span> <span class='ocrx_word' id='word_1_880' title='bbox 2833 5573 2943 5627; x_wconf 92' lang='lat' dir='ltr'><strong>tuis</strong></span> <span class='ocrx_word' id='word_1_881' title='bbox 2977 5575 3346 5642; x_wconf 74' lang='lat' dir='ltr'><strong>periculosum</strong></span> 
     </span>
    </p>
   </div>
   <div class='ocr_carea' id='block_1_119' title="bbox 1777 5665 3350 5735">
    <p class='ocr_par' dir='ltr' id='par_1_119' title="bbox 1777 5665 3350 5735">
     <span class='ocr_line' id='line_1_119' title="bbox 1777 5665 3350 5735; baseline 0 -12"><span class='ocrx_word' id='word_1_882' title='bbox 1777 5681 1882 5734; x_wconf 90' lang='lat' dir='ltr'><strong>est,</strong></span> <span class='ocrx_word' id='word_1_883' title='bbox 1937 5667 2035 5721; x_wconf 82' lang='lat' dir='ltr'><strong>sed</strong></span> <span class='ocrx_word' id='word_1_884' title='bbox 2080 5676 2135 5719; x_wconf 88' lang='lat' dir='ltr'><strong>et</strong></span> <span class='ocrx_word' id='word_1_885' title='bbox 2175 5666 2272 5719; x_wconf 90' lang='lat' dir='ltr'><strong>toti</strong></span> <span class='ocrx_word' id='word_1_886' title='bbox 2330 5667 2703 5720; x_wconf 79' lang='lat' dir='ltr'><strong>Romanorum</strong></span> <span class='ocrx_word' id='word_1_887' title='bbox 2761 5665 2989 5735; x_wconf 89' lang='lat' dir='ltr'><strong>imperio</strong></span> <span class='ocrx_word' id='word_1_888' title='bbox 3042 5667 3350 5725; x_wconf 80' lang='lat' dir='ltr'><strong>vastitatem</strong></span> 
     </span>
    </p>
   </div>
   <div class='ocr_carea' id='block_1_120' title="bbox 1778 5755 3347 5829">
    <p class='ocr_par' dir='ltr' id='par_1_120' title="bbox 1778 5755 3347 5829">
     <span class='ocr_line' id='line_1_120' title="bbox 1778 5755 3347 5829; baseline -0.001 -15"><span class='ocrx_word' id='word_1_889' title='bbox 1778 5775 1842 5815; x_wconf 86' lang='lat' dir='ltr'><strong>ac</strong></span> <span class='ocrx_word' id='word_1_890' title='bbox 1869 5756 2168 5828; x_wconf 86' lang='lat' dir='ltr'><strong>perniciem</strong></span> <span class='ocrx_word' id='word_1_891' title='bbox 2197 5764 2496 5810; x_wconf 85' lang='lat' dir='ltr'><strong>extremam</strong></span> <span class='ocrx_word' id='word_1_892' title='bbox 2519 5755 2823 5821; x_wconf 88' lang='lat' dir='ltr'><strong>minitatur,</strong></span> <span class='ocrx_word' id='word_1_893' title='bbox 2870 5756 3093 5826; x_wconf 88' lang='lat' dir='ltr'><strong>quinam</strong></span> <span class='ocrx_word' id='word_1_894' title='bbox 3115 5760 3347 5829; x_wconf 85' lang='lat' dir='ltr'><strong>justum,</strong></span> 
     </span>
    </p>
   </div>
   <div class='ocr_carea' id='block_1_121' title="bbox 1776 5849 3347 5920">
    <p class='ocr_par' dir='ltr' id='par_1_121' title="bbox 1776 5849 3347 5920">
     <span class='ocr_line' id='line_1_121' title="bbox 1776 5849 3347 5920; baseline 0.001 -15"><span class='ocrx_word' id='word_1_895' title='bbox 1776 5861 1877 5905; x_wconf 88' lang='lat' dir='ltr'><strong>aut</strong></span> <span class='ocrx_word' id='word_1_896' title='bbox 1904 5849 2058 5916; x_wconf 88' lang='lat' dir='ltr'><strong>utile,</strong></span> <span class='ocrx_word' id='word_1_897' title='bbox 2089 5862 2299 5919; x_wconf 79' lang='lat' dir='ltr'><strong>quaeso,</strong></span> <span class='ocrx_word' id='word_1_898' title='bbox 2335 5855 2560 5919; x_wconf 78' lang='lat' dir='ltr'><strong>propter</strong></span> <span class='ocrx_word' id='word_1_899' title='bbox 2578 5857 2894 5920; x_wconf 80' lang='lat' dir='ltr'><strong>exspectata</strong></span> <span class='ocrx_word' id='word_1_900' title='bbox 2921 5864 2985 5905; x_wconf 80' lang='lat' dir='ltr'><strong>ex</strong></span> <span class='ocrx_word' id='word_1_901' title='bbox 3016 5865 3153 5919; x_wconf 76' lang='lat' dir='ltr'><strong>pace</strong></span> <span class='ocrx_word' id='word_1_902' title='bbox 3184 5852 3347 5916; x_wconf 86' lang='lat' dir='ltr'><strong>bona,</strong></span> 
     </span>
    </p>
   </div>
  </div>
