3880 6600
208 415 288 480 901
605 452 608 456 λ
1303 413 1851 483 HISTORIARUM
1891 413 2127 474 LIBER
2170 414 2288 476 IlI.

3313 415 3424 481 902

204 526 288 582 ούκ
308 525 472 596 ὀλίγοι
497 541 510 557 ⁸
540 526 637 581 σὺν
667 523 877 588 τούτοις
905 525 962 578 δὲ
998 526 1093 579 καλ
1117 525 1146 578 ὁ
1175 527 1350 598 χρόνῳ
1385 527 1612 598 ὕστερον
1643 527 1744 597 τῆς

1857 538 2036 582 tamen
2065 528 2193 597 quia
2221 529 2288 583 ad
2319 536 2522 583 tantam
2563 529 2672 582 vim
2720 529 2846 584 mali
2877 529 3253 600 depellendam
3287 532 3424 596 nihit

202 621 828 678 ἰνκωνσταντινουπόλει
867 620 1193 689 Ἐκκλησίας
1223 621 1566 691 πατριάρχης
1591 636 1748 688 γεγο-

201 709 310 776 νὼς,
345 713 426 773 εἰς
469 712 559 785 τὸν
595 713 788 782 ἰερέων
830 712 912 766 ἔτι
963 717 1091 767 τότε
1139 714 1296 782 χορὸν
1331 712 1501 766 τελῶν
1545 713 1747 767 Κάλλι-

204 817 325 866 στος,
356 802 450 855 xui.
481 801 680 866 Σαὸὰς,
717 802 772 866 ὃς
813 804 954 874 πρὸς
982 805 1048 873 τῇ
1081 803 1416 857 Βατοπεδίου
1473 805 1608 874 μονῇ
1652 801 1747 854 τὸν

199 893 475 962 ἀσκητικὸν
511 895 643 964 ήνυε
687 895 911 964 δρόμον,
958 898 1054 948 καὶ
1094 897 1322 959 πολλοὺς
1370 896 1513 963 ὑπὲρ
1544 897 1747 967 ἀρετῆς

202 987 288 1036 καί
308 984 636 1051 θαυμασίους
679 969 1016 1052 ἐπεδείξατοο
1037 987 1278 1053 ἀγῶνας,
1323 989 1402 1048 εἰς
1454 988 1748 1050 Βυζάντιον

201 1075 460 1144 ἀφίκοντο.
493 1076 737 1130 Βασιλίδι
769 1093 829 1130 τε
884 1079 1296 1149 συγγενόμενοι,
1334 1079 1426 1131 καὶ
1477 1080 1746 1149 πατριάρ⁹

81 1212 97 1225 .
199 1185 292 1237 χου
331 1168 425 1222 καὶ
476 1168 585 1221 τῶν
656 1169 789 1237 περί
845 1170 1009 1224 αὐτὸν
1066 1171 1380 1240 συνομοτῶν
1440 1171 1745 1241 παρόντων,

211 1257 401 1330 Ἦμεῐς,
423 1259 652 1328 ἔφασαν,
671 1259 770 1330 τὴν
793 1247 1491 1331 κατασχοῦσανῬωμαίους
1514 1260 1748 1330 ὁρῶντες

201 1352 488 1422 συμφορὰν,
520 1353 670 1406 δεινὰ
704 1353 801 1423 μὲν
851 1353 1076 1423 ᾠόμεθα
1133 1354 1616 1424 τὰπραττὸμενα,
1653 1353 1750 1405 καὶ

199 1445 326 1515 πέρα
350 1445 561 1499 δεινῶν.
612 1445 779 1498 Οὐδὲν
812 1444 869 1497 δὲ
902 1445 1070 1498 πλέον
1117 1443 1256 1513 πρὸς
1284 1444 1608 1513 ἐπικουρίαν
1653 1443 1748 1497 καὶ

198 1524 499 1604 ἀποτροπὴν
523 1534 634 1587 τῶν
657 1534 846 1587 δεινῶν
869 1534 1158 1604 δυνάμενοι
1182 1533 1611 1603 συμϐάλλεσθαι,
1635 1533 1748 1586 τῶν

195 1624 354 1679 ἄλλων
386 1626 783 1696 ἀμελήσαντες,
816 1625 958 1696 ὑπὲρ
1004 1625 1115 1679 τῶν
1165 1629 1322 1696 κοινῇ
1356 1625 1750 1698 συμφερόντων

195 1701 440 1788 ἐδεόμεθα
481 1717 639 1783 Θεοῦ,
695 1715 792 1771 τοῦ
845 1717 1008 1783 μόνου
1048 1717 1246 1787 στῆσαι
1291 1716 1592 1786 δυναμένου
1647 1717 1750 1780 τὰς

193 1810 638 1882 προσδοκωμένας
670 1811 980 1882 συμφοράς.
1005 1811 1148 1866 Νυνὶ
1169 1811 1226 1864 δὲ
1254 1811 1315 1864 τὸ
1337 1810 1622 1880 διεστηκὸς
1641 1810 1749 1864 τῶν

205 1867 482 1972 ’ῥωμαίων
510 1867 720 1966 ἰδόντες,
743 1867 916 1974 μέρος
939 1867 1199 1971 trapeto;
1241 1901 1454 1973 χωροῦν
1483 1867 1620 1976 τὲρδξ
1649 1903 1750 1975 τήν
1782 1867 1824 1924 Β

194 1991 428 2062 εἰρήνην,
481 1992 576 2046 καὶ
606 1992 850 2064 μάλιστα
898 1993 1038 2064 ὅπερ
1093 1993 1318 2061 δόκησιν
1380 1996 1615 2066 παρεῖχε
1653 1995 1752 2066 τὴν

191 2082 362 2140 αἰτίαν
396 2082 771 2154 παρασχέσθαι
802 2084 906 2153 τῆς
948 2084 1236 2155 διαφορᾶς,
1266 2084 1365 2139 καὶ
1388 2085 1506 2155 Θεῷ
1531 2086 1610 2157 τῷ
1654 2075 1753 2157 τῆς

189 2171 406 2243 εἰρήνης
429 2171 652 2245 χορηγῷ
686 2171 890 2238 πολλὰς
916 2175 1150 2243 χάριτας
1175 2173 1631 2245 ὁμολογήσαντες,
1655 2174 1754 2229 καὶ

189 2262 360 2335 γῆρας
384 2263 480 2316 καὶ
511 2264 833 2335 σωματικὴν
862 2264 1152 2319 ἀσθένειαν
1209 2264 1306 2318 καὶ
1336 2263 1463 2328 τοὺς
1489 2265 1627 2335 πρὸς
1652 2265 1754 2337 τὴν

187 2352 492 2424 ὁδοιπορίαν
534 2354 730 2419 πόνους
779 2355 1120 2426 παριδόντες,
1169 2355 1380 2426 ἥκομεν
1415 2355 1754 2426 ’δεησόμενοι

189 2447 288 2501 καὶ
313 2447 482 2517 ὑμῶν,
506 2447 758 2518 δέχεσθαι
803 2447 903 2520 τὴν
937 2449 1186 2520 εἰρήνην,
1236 2444 1332 2501 καὶ
1364 2449 1440 2519 μὴ
1479 2448 1568 2504 διὰ
1596 2449 1752 2520 φιλο-

187 2539 394 2594 νεικίαν
423 2541 524 2611 τὴν
565 2541 858 2612 Ῥωμαίων
887 2540 1194 2610 ἠγεμονίαν
1229 2539 1327 2594 νῦν
1354 2558 1413 2595 τε
1447 2540 1756 2612 διαφθειρο-

189 2629 361 2702 μένην
395 2633 675 2705 περιορᾷν,
723 2634 817 2688 καὶ
871 2632 953 2686 ἔτι
985 2633 1263 2704 δεινότερα
1291 2633 1754 2705 προσδοκωμένην

186 2723 440 2794 πάσχειν,
472 2725 540 2778 ἂν
569 2724 646 2795 μὴ
679 2724 888 2795 ταχέως
917 2725 945 2778 ὁ
973 2725 1211 2794 πόλεμος
1243 2723 1753 2801 καταλυθῇ.”Ελεον

182 2811 283 2872 οῦν
305 2819 396 2872 καὶ
419 2819 574 2872 αὐτοὶ
605 2817 862 2881 λαϐόντες
895 2817 1004 2871 τῶν
1035 2817 1315 2888 ὁσημέραι
1363 2817 1644 2888 χεομένων
1668 2821 1755 2874 αἰ-

185 2909 394 2979 μάτων,
442 2911 535 2962 καί
590 2909 699 2964 τῶν
730 2909 1130 2980 δεσμωτηρίοις
1184 2913 1598 2980 κατεχομένων,
1649 2912 1754 2966 καὶ

179 3001 296 3054 τῶν
324 3000 716 3070 ἐλαυνομένων,
752 3001 850 3056 καὶ
879 3001 1163 3072 ἀνήκεστα
1196 3001 1522 3072 πασχόντων
1545 3001 1756 3075 ἀνθρώ-

179 3109 327 3158 πων,
359 3094 645 3164 κυρώσατε
676 3095 777 3166 τὴν
817 3096 1062 3166 εἰρήνην,
1106 3094 1205 3149 καὶ
1255 3095 1368 3148 τῶν
1415 3095 1626 3150 πολλῶν
1655 3096 1754 3150 καὶ

175 3185 437 3255 χαλεπῶν
485 3185 746 3242 κινδύνων
789 3187 1132 3253 ἀπαλλάξατε
1172 3185 1480 3255 Ῥωμαίους
1506 3200 1522 3217 ο
1561 3186 1637 3251 ὡς
1687 3187 1754 3241 ἂν

174 3277 317 3340 Θεός
349 3295 407 3331 τε
438 3283 466 3331 ὁ
499 3280 604 3349 τῆς
652 3279 878 3351 εἰρήνης
908 3277 1146 3351 χορηγὸς
1185 3277 1441 3350 δοξασθῇ,
1475 3279 1569 3333 καὶ
1601 3279 1758 3349 βασι-

169 3365 269 3430 λίς
311 3383 372 3421 τε
417 3368 508 3422 καὶ
548 3369 917 3440 πατριάρχης,
949 3369 1046 3422 καὶ
1095 3367 1258 3439 ὑμεῖς
1295 3369 1330 3440 ή
1363 3367 1665 3440 σύγκλητος
1690 3369 1753 3424 οὐ

173 3459 339 3530 παρὰ
366 3461 585 3516 πάντων
618 3461 782 3531 μόνον
821 3459 1133 3530 Ῥωμαίων,
1165 3459 1302 3513 ἀλλὰ
1335 3461 1429 3514 καὶ
1458 3461 1616 3531 ήμῶν
1645 3460 1757 3515 τῶν

167 3551 454 3605 ταπεινῶν
481 3552 640 3616 ἀξίας
705 3551 1009 3622 κομίζησθε
1063 3551 1415 3621 εὐχαριστίας
1454 3551 1555 3621 τῆς
1620 3567 1761 3622 προ-

1850 618 2042 672 auxilii
2099 618 2299 672 offerre
2359 628 2704 684 poteramus,
2764 620 2996 690 reliquis
3063 621 3427 691 posthabitis,

1849 695 1984 771 Deo,
2021 709 2117 778 qui
2143 709 2297 762 solus
2330 700 2726 776 impendentes
2747 726 3021 765 aerumnas
3081 721 3246 781 atque
3269 712 3340 766 mi
3375 729 3432 768 e—
3495 766 3498 769 .

1851 806 1962 854 rias
2007 815 2372 854 averruncare
2418 810 2620 869 potest,
2655 816 3000 860 communem
3049 808 3280 860 salutem
3348 808 3431 861 in-

1850 895 2340 962 columitatemque
2366 895 2643 962 supplices
2685 899 3227 952 commendabamns.
3271 900 3430 954 Nunc
3506 915 3518 930 '

1849 979 1978 1049 quia
2030 980 2427 1050 cognovimus,
2492 989 2831 1050 segtegatam
2881 985 3254 1038 Romanorum
3307 1003 3432 1056 par-

1803 1143 1806 1146 .
1853 1080 1985 1132 tem,
2007 1085 2129 1144 quae
2158 1071 2476 1140 Opinionem
2512 1071 2790 1152 praebebat
2824 1076 3055 1130 maxime
3085 1077 3290 1147 incepti
3327 1081 3432 1131 Int-

1848 1164 1937 1232 jns
1967 1163 2204 1227 dissidii,
2246 1163 2395 1231 pacis
2439 1178 2558 1217 esse
2589 1164 2867 1232 cupidam,
2907 1168 3017 1220 Deo
3061 1171 3214 1236 pacis
3263 1170 3432 1238 largi-

1852 1260 1954 1314 tori
1975 1261 2316 1316 immortales
2334 1263 2533 1331 gratias
2557 1262 2770 1331 egimus
2794 1280 2807 1316 :
2830 1265 3086 1335 nullaque
3129 1272 3432 1323 senectutis

1851 1361 1907 1407 et
1936 1352 2367 1416 imbecillitatis,
2389 1370 2451 1406 ac
2482 1353 2733 1406 laborum
2769 1355 2984 1410 itinetis
3009 1359 3216 1413 ratione
3246 1361 3432 1426 dttcta,

1850 1447 1906 1494 et
1932 1455 2030 1495 vos
2069 1441 2312 1510 rogaturi
2366 1440 2707 1505 advenimus,
2757 1449 2816 1494 ut
2869 1457 3056 1511 pacem
3104 1447 3473 1514 complecta-.

1852 1533 2011 1597 mini,
2064 1548 2133 1586 ne
2167 1535 2239 1600 ob
2283 1532 2602 1586 discordias
2626 1541 2838 1587 vestras
2866 1544 2923 1588 ct
2967 1550 3117 1591 nunc
3165 1538 3438 1592 laceretur

1851 1623 2498 1693 Romanumimperium,
2557 1633 2613 1678 et
2664 1623 2766 1678 nisi
2801 1625 2976 1693 primo
3028 1642 3247 1696 quoque
3295 1640 3402 1683 lem

1850 1729 1985 1785 pore
2018 1714 2225 1770 bellum
2261 1715 2596 1778 inhibeatur,
2627 1716 2896 1771 atrociora
2924 1718 3205 1774 formide'.
3237 1723 3440 1786 Quam:-

1851 1806 2043 1862 obrem
2079 1813 2134 1861 et
2181 1821 2280 1862 vos
2310 1807 2405 1877 qui
2459 1807 2516 1861 in
2545 1809 2664 1862 dies
2715 1807 2968 1863 funditur
3005 1815 3354 1882 sanguinem,
3380 1823 3436 1866 ct

1853 1896 1910 1951 in
1940 1911 2218 1952 carcerem
2247 1907 2582 1968 compactos,
2619 1908 2784 1969 atque
2825 1901 2880 1954 in
2950 1903 3205 1957 exsilium
3258 1905 3446 1974 projc-v

1855 1995 1999 2053 ctos,
2025 1990 2400 2045 etsmvissime
2427 1990 2715 2045 amictatos
2741 1993 3015 2059 miserati,
3043 2010 3233 2063 pacem
3266 2007 3438 2051 ratam

1853 2079 2131 2149 conﬂcite,
2162 2082 2551 2152 Romanosque
2591 2083 2782 2138 multis
2807 2099 2870 2137 ac
2906 2085 3161 2141 nefandis
3189 2087 3439 2146 cladibus

1855 2172 2106 2236 eximite,
2136 2181 2197 2228 ut
2251 2181 2308 2228 et
2366 2173 2510 2230 Deus
2538 2175 2695 2245 pacis
2731 2175 2967 2231 donator
2997 2178 3324 2244 celebretur,
3383 2189 3442 2235 ct

1856 2264 2201 2335 imperatrix,
2241 2281 2307 2322 ac
2349 2266 2685 2336 patriarcha,
2723 2276 2793 2324 ‘et
2840 2283 2937 2325 vos
2983 2281 3227 2331 senatus.
3259 2288 3370 2326 non
3406 2289 3438 2328 α

1857 2355 2123 2411 Romanis
2145 2357 2309 2412 modo
2343 2359 2572 2428 passim,
2610 2359 2707 2415 sed
2750 2361 2918 2416 etiam
2958 2377 2987 2415 a
3019 2362 3180 2417 nobis
3214 2363 3442 2420 humili-

1857 2442 1979 2510 bus,
2031 2455 2260 2516 propter
2295 2445 2618 2503 facilitatem
2649 2448 2707 2503 in
2747 2449 2913 2506 rebus
2943 2450 3209 2515 honestis,
3245 2460 3301 2506 et
3333 2453 3442 2507 sol-

1855 2540 2200 2597 licitudinem
2231 2542 2517 2598 hominum
2569 2544 2874 2600 insontium
2919 2546 3026 2600 hoc
3058 2545 3205 2600 bello
3235 2544 3438 2613 ubique

1857 2633 2236 2702 pereuntium,
2263 2635 2446 2705 dignis
2479 2635 2785 2706 gratiarum
2812 2637 3127 2691 actionibus
3153 2636 3437 2690 collaude-

1856 2725 2019 2781 mini.
2057 2725 2185 2781 Haec
2207 2727 2386 2782 oratio
2421 2729 2681 2798 Augusta:
2718 2743 2828 2782 non
2873 2728 3123 2795 molesta,
3155 2727 3251 2781 sed
3287 2736 3438 2796 grata

1857 2816 2065 2885 potius,
2107 2824 2165 2870 et
2195 2815 2265 2870 ab
2291 2816 2415 2886 ejus
2457 2827 2642 2873 mente
2665 2817 2812 2872 haud
2845 2819 3022 2874 aliena
3052 2817 3273 2872 accidit.
3300 2817 3437 2871 Nam

1858 2919 1982 2961 cum
2010 2906 2402 2976 patriarcham,
2445 2917 2790 2980 caeterosque
2820 2911 2986 2965 sciret
3034 2927 3158 2966 esse
3211 2910 3443 2964 vaferri-

1858 3012 1980 3052 mos
2031 3013 2097 3054 ac
2125 2999 2690 3066 fraudulentissimos,
2731 3001 3010 3068 studebat,
3041 3002 3088 3057 si
3135 3017 3247 3070 quo
3276 3000 3442 3056 modo

1860 3097 2065 3158 posset,
2102 3088 2250 3145 bello
2297 3091 2590 3156 dissoluto,
2639 3107 2764 3146 cum
2816 3095 3201 3147 Cantaeuzeno
3250 3107 3440 3162 parem

1860 3188 1917 3233 et
1944 3179 2125 3235 fmdus
2167 3181 2527 3236 constituere.
2583 3183 2868 3253 lteligione
2921 3193 3104 3237 autem
3133 3181 3439 3253 juramenti

1865 3273 2150 3343 impedita,
2205 3288 2313 3343 qua
2346 3288 2448 3344 per
2476 3273 2664 3329 dolum
2710 3275 2778 3329 ab
2808 3274 2918 3329 illis
2947 3275 3185 3346 obligata
3233 3275 3435 3338 fuerat,

1867 3375 1928 3420 ut
1948 3379 2169 3435 nempe,
2205 3365 2316 3420 nisi
2354 3365 2614 3420 omnibus
2664 3367 2972 3437 expetenda
2993 3382 3100 3437 pax
3133 3365 3442 3432 videretur,

1866 3475 1970 3516 nec
2003 3462 2123 3530 ipsa
2161 3475 2280 3515 eam
2314 3461 2576 3529 sanciret,
2604 3462 2827 3518 concilii
2873 3461 3205 3518 sententiam
3250 3474 3445 3516 neces-

1868 3549 2018 3608 sario
2045 3553 2422 3624 exspectabat.
2511 3581 2516 3586 ι

169 3650 388 3718 θυμίας
451 3650 552 3720 τῆς
639 3651 767 3720 περὶ
818 3650 888 3704 τὰ
942 3649 1109 3715 καλὰ,
1149 3648 1376 3718 καὶτῆς
1420 3649 1746 3720 κηδεμονίας
1797 3649 1907 3702 τῶν
1941 3649 2031 3704 διὰ
2091 3650 2184 3703 τὸν
2271 3651 2513 3721 πόλεμον
2588 3651 2903 3721 ἁπανταχοῦ
2965 3651 3433 3722 διαφθειρομένων

164 3742 486 3806 ἀνθρώπων
538 3741 816 3796 ἀναιτίων.
867 3741 1008 3812 Πρὸς
1033 3740 1206 3795 ταῦτα
1240 3739 1452 3812 βασιλὶς
1500 3743 1599 3811 μὲν
1644 3741 1796 3795 οὐδὲν
1827 3740 2036 3812 ἔπασχε
2064 3742 2261 3810 δεινὸν,
2294 3742 2432 3797 ἀλλὰ
2459 3742 2555 3797 καὶ
2583 3744 2727 3798 κατὰ
2751 3743 2974 3812 γνώμην
2998 3743 3133 3814 ᾣετο
3186 3743 3444 3812 εἰρῑγσθκι

164 3840 322 3908 αὐτῇ
357 3839 481 3902 τοὺς
515 3839 732 3908 λόγους.
795 3837 1004 3908 Πολλὴν
1033 3837 1144 3906 γὰρ
1188 3836 1532 3906 πατριάρχου
1581 3835 1676 3890 καὶ
1702 3834 1810 3890 τῶν
1839 3834 2016 3890 ἄλλων
2063 3835 2405 3906 πανουργίαν
2435 3837 2532 3888 καὶ
2568 3839 2788 3907 ἀπάτην
2825 3840 3190 3905 καταγνοῦσα,
3235 3835 3437 3888 ἐσπευ-

160 3939 290 4005 δεν,
323 3940 377 3992 εἰ
421 3938 640 3996 δύναιτο
698 3937 886 4010 τρόπῳ
947 3937 1010 4006 δή
1076 3952 1184 3989 τινι
1215 3935 1311 3990 τὸν
1373 3935 1614 4006 πόλεμον
1662 3935 2045 4001 καταλύσασα,
2102 3936 2337 4000 σπονδὰς
2403 3937 2543 4008 πρὸς
2587 3935 2812 4006 βασιλέα
2860 3934 2952 3987 τὶν
2996 3930 3445 4000 Καντακτιυζηνὸν

164 4034 378 4090 θέσθαι
445 4034 570 4105 περὶ
635 4033 880 4102 εἰρήνης.
944 4029 1258 4102 Εἰργομένη
1323 4027 1380 4080 δὲ
1432 4028 1538 4081 ὑπὸ
1599 4027 1709 4081 τῶν
1745 4029 1930 4099 ὅρκων
1967 4023 2052 4092 οἷς
2089 4028 2393 4098 ὑπήγαγον·
2439 4029 2908 4100 ἐξαπατήσαντες.
2939 4025 3012 4087 ὡς
3048 4025 3096 4076 εἰ
3158 4023 3233 4093 μὴ
3275 4025 3445 4077 πᾶσιν

159 4126 407 4198 αἰρετὲα
444 4125 533 4196 εἴη
564 4126 598 4195 ή
645 4124 860 4196 εἰρήνη,
896 4123 1022 4194 μηδ’
1069 4121 1241 4192 αὐτὴν
1291 4119 1742 4192 ἐπιψηφίζεσθαι,
1792 4122 1892 4193 τὴν
1932 4124 1998 4176 ὲκ
2033 4121 2136 4192 τῆς
2185 4120 2384 4194 βουλῆς
2411 4121 2592 4193 ψῆφον
2619 4119 2938 4192 ἀναγκαίως
2975 4116 3289 4188 περιέμενε.

1475 4287 1637 4362 463
1680 4287 1908 4346 CAPUT
1945 4288 2167 4348 xxxv.

155 4450 512 4508 Patriarclta
541 4455 590 4502 et
621 4447 748 4501 socii
781 4445 1056 4519 monachis
1087 4444 1423 4519 irascuntur.
1450 4441 1722 4519 Quomodo
1753 4460 1839 4519 eos
1864 4444 1936 4502 ad
1968 4444 2292 4508 discordiam
2320 4443 2559 4519 redigere
2587 4442 2883 4519 laborarint
2913 4448 2962 4492 et
2989 4455 3122 4519 qna:
3149 4437 3209 4491 ob
3227 4453 3445 4519 .cansas.

244 4520 338 4573 De
369 4519 640 4589 primariis
667 4520 823 4589 quasi
855 4516 909 4568 in
960 4530 1225 4589 carcerem
1275 4513 1794 4589 conciusis.__Nuntii
1837 4532 1867 4567 a
1919 4508 2554 4589 protestratorereversi.
2600 4516 2975 4589 imperatorem
3002 4508 3446 4589 'TlteasaloMcam

243 4578 450 4643 vocant
508 4578 825 4640 Peritlieorii
859 4578 1185 4655 oppugnatio
1229 4593 1277 4655 et
1311 4585 1502 4655 quibus
1540 4585 1730 4637 ibidem
1760 4584 1824 4636 de
1854 4578 2004 4637 muro
2054 4587 2259 4654 probris
2307 4585 2582 4655 lacessita:
2635 4578 2813 4655 fuerit.
2855 4582 3124 4655 Quomodo
3172 4595 3335 4632 unum
3365 4578 3446 4655 .tle

241 4659 688 4714 conoitiatoribas
727 4649 1097 4710 remuneratus
1119 4655 1208 4708 ait.
1240 4649 1508 4722 Oppidani
1552 4669 1608 4706 se
1655 4655 1878 4718 dedunt,
1936 4662 1987 4706 et
2041 4649 2262 4708 consilio
2315 4652 2562 4707 malevoli
2619 4649 2900 4722 cujusdam
2951 4666 3014 4704 ea:
3066 4649 3444 4720 imperatoriis,

241 4730 574 4784 deditionem
608 4737 727 4781 astu
756 4725 987 4797 quodam
1020 4721 1337 4778 retractant.
1372 4721 1676 4792 Imperator
1715 4723 2142 4780 Thessalonicam
2176 4726 2310 4778 abit.

239 4913 612 4985 Πατριάρχης
639 4913 696 4965 δὲ
724 4911 822 4964 καὶ
849 4912 885 4980 ἡ
913 4909 1212 4980 συνομοσία
1265 4909 1325 4962 ἐν
1349 4909 1508 4981 δεινῷ
1535 4910 1751 4980 μάλιστα

1945 4913 2016 4970 At
2047 4913 2360 4984 patriarcha
2412 4923 2466 4968 et
2495 4910 2765 4982 conjurati
2819 4911 3216 4967 monachorum
3259 4911 3445 4981 dictis,

141 5009 432 5064 ὲτιθεντο
466 5010 534 5058 τά
568 5004 860 5074 εἰρημένα,
912 5002 1010 5055 καί¹
1057 5002 1149 5056 τὸν
1184 5000 1414 5071 ἔσχατον
1461 5001 1634 5072 ᾤοντο
1655 5002 1751 5055 κίν

1874 5006 2077 5076 quibus
2124 5006 2229 5061 sibi
2261 5005 2490 5062 exitium
2527 5005 2710 5075 parari
2767 5003 3068 5067 ducebant,
3119 5003 3446 5073 gravissime

143 5101 354 5155 δυνον
383 5097 570 5160 αὐτοῖς
601 5095 856 5164 ἐπάγειν.
887 5092 1194 5164 Προφανῶς
1228 5092 1330 5164 μὲν
1379 5089 1476 5147 οὖν
1505 5092 1642 5164 πρὸς
1672 5093 1772 5164 τὴν

141 5193 420 5263 εἰρήνην
467 5187 775 5256 ἀντιλέγειν
823 5186 925 5239 οῦκ
978 5185 1175 5256 ἰταμὸν
1220 5185 1406 5255 μόνον,
1474 5185 1614 5238 ἀλλὰ
1665 5185 1760 5239 καὶ

139 5281 602 5353 φιλομὸχθηρον
655 5278 854 5335 ἐδόκει.
927 5277 1264 5345 Ἐσκέψαντο
1321 5276 1378 5330 δὲ
1431 5277 1482 5330 εί
1513 5276 1768 5331 δύναιτνο

133 5379 378 5449 τρόπῳ
431 5376 497 5448 δή
527 5393 636 5429 τινι
665 5374 842 5445 ἑτέρῳ
888 5373 1000 5427 τῶν
1053 5370 1307 5442 μοναχῶν
1360 5372 1460 5441 τὴν
1508 5371 1766 5441 ὁμόνοιαν

133 5467 492 5538 πειρᾶσθαι
527 5465 792 5521 διαλύειν.
824 5465 936 5520 Καὶ
963 5465 1087 5519 τότε
1117 5463 1216 5532 μὲν
1251 5463 1640 5526 ἐπαινέσαντες
1668 5461 1768 5531 τὴν

133 5558 335 5631 ὑπὲρ
363 5558 461 5631 τοῦ
491 5557 674 5614 κοινοῦ
706 5556 974 5627 σπουδήν,
1002 5555 1260 5610 ἐκέλευον
1283 5554 1608 5624 ἀναπαύλης
1624 5554 1751 5616 τινὸς

1870 5555 2038 5622 bliea,
2067 5566 2126 5611 ut
2155 5556 2331 5612 fessos
2361 5555 2430 5610 de
2463 5556 2685 5624 itinere,
2712 5554 3054 5624 aliquantum
3087 5556 3443 5625 requiescere

131 5651 507 5720 τυγχάνειν,
540 5650 635 5702 τὸν
669 5652 734 5702 ὲκ
759 5649 858 5720 τῆς
887 5647 1204 5718 ὁδοιπορίας
1244 5645 1409 5700 πόνον
1440 5643 1751 5713 ἀποτιθεμέ-

1861 5647 2174 5719 jusserunt,
2237 5647 2644 5717 promittentes,
2676 5654 2866 5720 postea
2915 5657 2974 5700 se
3003 5645 3221 5700 visuros
3245 5683 3260 5708 ,
3309 5645 3444 5716 quid

125 5759 335 5806 νους.
374 5741 645 5811 ’Ὕστερον
677 5740 734 5794 δὲ
769 5739 1170 5812 ἐπηγγέλλοπο
1211 5737 1592 5808 σκεψαμένους
1639 5738 1751 5807 περ

1866 5738 1952 5792 eis
1975 5738 2229 5808 responsi
2259 5737 2474 5792 darent.
2505 5736 2790 5791 Divertere
2831 5751 2999 5806 porro
3030 5751 3222 5792 omnes
3245 5736 3442 5792 eodem

125 5827 235 5892 ὧν
267 5835 489 5908 ἥκουσι
524 5833 626 5905 τήν
657 5833 960 5902 ἀπολογίαν
991 5832 1324 5902 παρασχεῖν,
1374 5826 1680 5894 ξενίζεσθαι
1708 5829 1751 5883 δί

1870 5846 1981 5887 non
2014 5830 2282 5896 sinentes,
2342 5829 2510 5886 alium
2540 5828 2672 5886 alibi
2712 5827 3078 5898 collocabant,
3146 5839 3204 5885 ut
3251 5844 3446 5900 quem-

1871 5097 2088 5163 otTensi,
2119 5113 2308 5168 pacem
2374 5097 2661 5152 manifeste
2695 5096 2987 5165 repudiare
3011 5110 3122 5149 non
3149 5095 3445 5164 audebant,

1871 5203 2084 5259 ne-non,
2115 5189 2464 5260 impudentes
2499 5189 2688 5251 modo,
2723 5187 2818 5242 sed
2849 5186 3118 5240 etiam-de
3169 5185 3445 5244 industria

1873 5279 2109 5350 improbi
2145 5281 2488 5337 viderentur.
2547 5278 3082 5349 Circumspiciebam
3134 5285 3341 5342 autem,
3396 5281 3444 5336 si

1875 5389 1983 5444 qua
2017 5373 2458 5450 viaeorumdem
2513 5372 2864 5428 concordiam
2899 5370 3162 5426 dirimere
3193 5381 3442 5441 possent.

1871 5465 1952 5520 Ae
1983 5475 2116 5521 tunc
2144 5466 2364 5535 quidem
2417 5464 2642 5518 laudato
2681 5478 2874 5518 eorum
2931 5462 3116 5518 ofﬁcio
3147 5478 3248 5534 pro
3277 5478 3445 5534 repu-
