3880 6582
239 361 341 427 905

1374 313 1915 422 ntsmnmnum
1953 356 2187 417 LIBER
2223 356 2342 416 lli.

2675 279 2692 309 /

3375 359 3480 422 906

242 471 703 544 πρωτοστράτορα
759 469 984 542 πέμψας
1034 463 1132 542 ἦν,
1193 469 1354 542 ἣκειν
1383 469 1484 539 τὴν
1540 470 1804 540 ταχίστην

1911 465 2312 522 administrari.
2351 466 2430 522 Ne
2481 465 2778 534 imperator
2820 468 3039 539 quidem
3079 470 3486 537 cunctandum,

237 564 704 644 ἀπαγγέλλοντας,
740 564 816 630 ώς
839 565 950 620 τῶν
985 565 1166 620 ἐκεῖσε
1199 562 1421 620 πάντων
1449 564 1558 618 ὑπὸ
1583 579 1802 632 πρωτο-

239 657 539 728 στράτορος
571 656 755 720 καλῶς
787 656 1166 728 διῳκημένων.
1209 657 1421 712 Ἐδόκει
1455 657 1554 724 μὲν
1585 652 1678 713 οῦν
1708 659 1804 711 καὶ

236 747 443 819 βασιλεῖ
495 749 570 820 μὴ
607 748 828 818 μέλλειν
865 750 998 814 δεῖν,
1049 747 1186 804 ἀλλὰ
1219 750 1359 820 πρδς
1397 748 1804 820 Θεσσαλονίκην

234 840 547 910 έπείγεσθαι
579 841 746 896 οὖσαν
779 840 1090 910 ἀναγκαίαν
1112 859 1129 876 ο
1162 843 1274 896 τῶν
1308 843 1445 914 πρὸς
1486 843 1586 913 τὴν
1633 859 1806 913 τειχο-

238 931 436 1001 μαχίαν
457 932 513 986 δὲ
542 933 762 987 πάντων
805 934 910 1006 ἥδη
947 934 1514 1006 παρεσκευασμένων,
1544 933 1802 987 ἐκέλευεν

233 1024 313 1088 είς
346 1024 439 1096 τὴν
474 1025 774 1098 ὑστεραίαν
808 1027 925 1098 ἅμα
954 1027 1099 1099 πρωϊ
1130 1028 1238 1080 τῶν
1261 1026 1460 1097 τειχῶν
1491 1027 1806 1096 ἀποπειρα-

235 1118 526 1186 σαμένους,
563 1119 613 1171 εί
651 1119 728 1190 μὴ
759 1119 1010 1175 δύναιντο
1042 1119 1527 1190 παραστήσασθαι,
1579 1121 1646 1189 τῇ
1683 1117 1802 1187 μετ’

232 1208 423 1280 αὐτὴν,
472 1211 573 1280 τῆς
627 1213 708 1274 είς
761 1213 1163 1282 Θεσσαλονίκης
1211 1212 1434 1283 ἔχεσθαι
1502 1211 1799 1283 φερούσης.

233 1300 390 1357 Οῦτω
426 1303 527 1372 μὲν
555 1299 654 1359 οὖν
675 1305 944 1366 ἐδέδοκτο.
967 1305 1083 1361 ’Καὶ
1118 1307 1234 1376 ἅμα
1267 1305 1416 1377 πρωῒ
1437 1307 1494 1370 ές
1527 1307 1628 1378 τὴν
1649 1306 1809 1360 ὑστε-

235 1393 399 1464 ραίαν
427 1395 808 1466 ὁπλισάμενοι,
844 1397 1184 1467 προσέϐαλον
1221 1399 1336 1456 τοῖς
1359 1397 1564 1466 τείχεσι
1596 1398 1808 1468 προσά-

185 1522 188 1525 -
231 1502 422 1554 γοντες
446 1489 545 1552 τὰς
576 1490 853 1560 μηχανάς.
887 1491 986 1546 Διὰ
1015 1491 1198 1561 πάσης
1227 1492 1285 1544 δὲ
1321 1491 1538 1561 ἡμέρας
1564 1490 1666 1560 τῆς
1689 1507 1802 1544 τει-

231 1580 510 1650 χομαχίας
531 1573 966 1653 καρτερωτάτης
999 1584 1405 1654 γεγενημένης,
1455 1583 1658 1653 μικροῦ
1709 1583 1807 1652 μὲν

1913 557 2013 613 sed
2037 555 2511 628 Thessalonicam,
2546 567 2607 613 ut
2639 558 2707 612 ad
2739 558 2928 615 urbem
2965 558 3188 616 maximi
3219 564 3490 620 momenti

1916 648 2290 706 festinandum
2343 635 2532 716 duxit;
2564 659 2620 704 et
2683 651 3107 722 omnibus'jam
3159 651 3228 708 ad
3283 655 3490 711 muenia

1915 742 2245 798 Peritbeorii
2297 742 2664 812 oppugnanda
2721 743 3034 808 confectis,
3096 746 3364 816 prmcepit
3423 747 3496 802 iis

1915 830 2185 900 postridie
2211 829 2301 885 die
2346 831 2700 886 illucescente
2736 833 2986 898 tentatis,
3019 832 3079 888 ἐἰ
3115 846 3348 890 conatus
3379 850 3492 892 non
3533 895 3547 909 χ

1919 923 2302 994 responderet,
2330 924 2420 979 die
2453 922 2618 980 tertio
2652 923 2796 979 viam
2826 940 3018 982 versus
3039 925 3492 983 Thessalonicam

1922 1019 2212 1087 arriperet.
2244 1016 2338 1073 Sic
2363 1016 2602 1072 censuit.
2638 1016 2736 1092 Die
2764 1025 2976 1085 exorto,
3005 1034 3215 1083 muros,
3252 1019 3492 1075 admotis

1917 1108 2083 1165 etiam
2122 1107 2651 1174 machinationibus,
2699 1108 2969 1164 invadunt
3003 1127 3015 1163 :
3043 1125 3186 1191 quos
3217 1128 3342 1166 cum
3375 1121 3494 1166 toto

1918 1199 2008 1255 die
2060 1210 2474 1272 oppugnassent
2534 1203 2842 1276 acerrime,
2896 1218 3088 1273 parum
3132 1203 3309 1260 abfuit
3357 1205 3490 1276 quin

1916 1307 2011 1347 eos
2050 1302 2170 1348 acta
2222 1293 2336 1364 jam
2391 1293 2686 1355 testudine.
2730 1302 2786 1349 et
2832 1295 2995 1351 scalis
3046 1296 3322 1367 applicitis
3353 1313 3490 1353 con.

1918 1383 2269 1446 scenderent,
2299 1383 2393 1438 sed
2418 1386 2598 1438 noctis
2634 1383 2982 1441 interventus
3021 1402 3136 1443 rem
3177 1387 3488 1458 impedivit.

1922 1472 2142 1528 Obsessi
2173 1482 2502 1539 metuentes,
2544 1490 2613 1529 ne
2637 1474 2728 1530 die
2775 1476 3026 1546 sequenti
3053 1492 3236 1549 pugna
3274 1479 3490 1534 instau-

1920 1579 2039 1621 rata
2065 1577 2417 1642 caperentur,
2454 1578 2619 1623 noctu
2647 1563 2978 1635 decernunt,
3012 1569 3118 1624 [ide
3149 1571 3216 1624 ab
3247 1571 3489 1642 impera-

229 1671 453 1741 ἐδέησεν
481 1673 709 1740 ἁλῶναι,
739 1675 850 1730 τῶν
877 1692 937 1729 τε
978 1675 1271 1746 κλιμάκων
1299 1674 1808 1746 προσερεισθεισῶν
1919 1667 2040 1714 lore
2083 1667 2329 1730 ³0⁸89⁸³,
2365 1659 2557 1715 urbem
2593 1660 2815 1718 ἀθάθτθο
2878 1662 3035 1719 Mane
3092 1663 3160 1719 de
3212 1665 3489 1722 ηἶωηῖὺυθ

226 1767 344 1829 τοῖς
373 1767 598 1836 τείχεσι,
630 1769 724 1823 καὶ
748 1769 1146 1840 μηχανήματός
1173 1769 1320 1833 τινὸς
1351 1770 1443 1825 ἐπὶ
1470 1768 1684 1840 τροχῶν
1719 1786 1808 1840 χε-

1919 1751 2214 1808 clamorem
2245 1754 2299 1807 in
2331 1764 2508 1810 castra
2545 1755 2760 1823 dantes,
2805 1755 3128 1827 imperatori
3176 1759 3486 1815 renuntiari

227 1856 410 1930 λώνης
450 1835 1025 1933 προσαγορευομένου.
1091 1862 1158 1917 Ἦ
1209 1862 1307 1929 νὺξ
1338 1863 1396 1917 δέ
1446 1835 1646 1918 αὐτίκα
1691 1835 1804 1916 ἑπι-

1910 1843 2130 1915 jubent.
2167 1843 2332 1917 5.65
2355 1846 2401 1901 si
2431 1847 2584 1913 velit.
2615 1862 2680 1902 ex
2712 1857 2873 1918 pacto
2909 1857 3184 1904 convento
3207 1851 3486 1908 civitatem

226 1955 505 2022 γενομένη
539 1953 838 2008 διεκώλυσε
873 1955 972 2027 τὴν
1007 1955 1234 2010 ἅλωσιν.
1261 1955 1326 2011 Oi
1355 1955 1804 2027 πολιορκούμενοι

1910 1935 2166 2006 accipiat.
2193 1937 2289 1992 Ille
2319 1938 2424 1994 hoc
2447 1940 2642 1995 nuntio
2667 1941 2908 2012 gavisus,
2938 1955 3036 1998 eos
3053 1952 3273 2008 evocat,
3309 1943 3490 2000 factu-
3547 1956 3568 1976 κ

229 2037 291 2091 δὲ
322 2039 627 2108 δείσαντες,
689 2045 766 2114 μὴ
800 2045 885 2109 είς
921 2045 1021 2114 τὴν
1057 2046 1358 2117 ὑστεραίαν
1418 2043 1578 2113 αὖθις
1630 2047 1804 2118 μάχης

1910 2047 2032 2088 rum
2061 2047 2121 2089 se
2165 2049 2288 2103 qua:
2338 2041 2553 2104 optent,
2578 2034 2785 2090 omnia.
2819 2033 3059 2090 Veniunt
3099 2035 3167 2092 de
3221 2036 3404 2107 plebe,
3435 2045 3494 2093 et

222 2127 408 2184 ἁλῶσι
465 2134 773 2205 γενομένης
808 2137 1200 2192 ἐϐουλεύσαντο
1237 2140 1432 2203 νυκτὸς
1475 2141 1686 2204 πίστεις
1718 2139 1810 2198 λα·

229 2223 427 2291 ϐάντες
463 2228 617 2295 παρὰ
643 2228 934 2299 βασιλέως,
969 2232 1234 2304 ὁμολογίᾳ
1286 2233 1389 2303 τὴν
1421 2233 1576 2288 πόλιν
1621 2251 1805 2306 παραυ

222 2317 440 2372 δοῦναι.
482 2320 592 2374 Καὶ
623 2322 741 2391 ἅμα
782 2323 927 2395 πρωῒ
988 2325 1051 2376 ὲκ
1100 2325 1212 2378 τῶν
1249 2327 1448 2397 τειχῶν
1477 2329 1590 2390 τοῖς
1619 2328 1699 2390 είς
1745 2329 1806 2381 τὸ

227 2408 604 2477 στρατόπεδον
643 2410 899 2464 ἐκέλευον
935 2412 1166 2484 μηνύειν
1200 2413 1432 2484 βασιλεῖ,
1483 2416 1531 2468 εἱ
1565 2415 1808 2486 βούλοιτο

226 2501 331 2554 hci.
357 2502 633 2572 συμϐάσει
662 2503 761 2575 τὴν
793 2504 950 2558 πόλιν
986 2504 1462 2577 παραλαμϐάνειν.
1522 2508 1725 2573 Ἡδέως
1750 2509 1806 2564 δὲ

228 2587 508 2660 βασιλέως
538 2590 631 2643 τὸν
659 2592 819 2673 λόγον
845 2592 1162 2664 δεξαμένου,
1188 2595 1285 2647 καὶ
1316 2593 1630 2660 κελεύοντος
1650 2597 1808 2667 ἥκειν

225 2682 374 2753 πρὸς
410 2681 576 2737 αὐτὸν
623 2684 700 2747 ὡς
731 2685 913 2741 πάντα
947 2685 1248 2758 πράξοντος
1303 2688 1490 2751 αὐτοῖς
1539 2687 1608 2742 τὰ
1665 2688 1808 2744 κατὰ
1870 2737 1875 2742 ,

228 2774 490 2846 γνώμην,
523 2773 659 2841 ἦκον
701 2777 796 2832 τοῦ
825 2795 884 2832 τε
917 2779 1116 2850 δήμου,
1178 2782 1276 2836 καὶ
1309 2779 1418 2834 τῶν
1462 2779 1598 2850 παρ’
1623 2781 1807 2844 αὐτοῖς

220 2867 478 2924 δυνατῶν
507 2868 699 2937 ὀλίγοι,
737 2873 832 2925 καὶ
864 2871 974 2926 τῶν
996 2872 1076 2943 τῷ
1105 2871 1295 2943 κλήρῳ
1324 2873 1422 2944 τῆς
1448 2873 1579 2943 παρ’
1621 2874 1807 2938 αὐτοῖς

224 2959 535 3028 ἐκκλησίας
586 2961 1032 3033 κατειλεγμένων
1060 2978 1076 2994 ο
1128 2962 1309 3026 αίτίας
1341 2962 1398 3016 δὲ
1435 2962 1627 3033 ὥσπερ
1673 2965 1808 3017 ἀπο-

221 3051 454 3114 λύοντες
508 3054 741 3118 ἑαυτοὺς
798 3057 893 3110 ἐπὶ
949 3055 1027 3127 τῷ
1075 3055 1220 3110 ὅπλα
1255 3056 1612 3126 κεκινηκέναι
1667 3056 1805 3126 πρὸς

225 3141 423 3206 αὐτὸν,
464 3145 526 3196 τὸ
577 3143 696 3196 δέον
745 3143 956 3212 ἔφασαν
1011 3143 1400 3214 πεποιηκέναι,
1456 3145 1805 3215 ὀμωμοκέναι

221 3230 343 3298 γὰρ
393 3229 560 3302 ὀλίγῳ
593 3232 863 3302 πρότερον
916 3233 1338 3306 ἀντιστήσεσθαι
1399 3235 1512 3296 τοῖς
1571 3232 1806 3304 βασιλίδι

220 3322 534 3393 πολεμοῦσι
567 3323 734 3395 μέχρι
791 3325 883 3378 καλ⁵
911 3324 1006 3379 τοῦ
1056 3324 1310 3381 δυνατοῦ.
1343 3325 1482 3388 Τούς
1514 3342 1575 3378 τε
1605 3327 1806 3396 ὅρκους

219 3415 530 3484 τοιγαροῦν
560 3417 928 3487 τετηρηκέναι
973 3415 1259 3486 ἀσφαλῶς,
1309 3418 1407 3472 καὶ
1440 3417 1501 3470 τὸ
1536 3417 1630 3470 νῦν
1657 3417 1808 3472 λυσι-

216 3509 410 3564 τελεῖν
435 3509 767 3579 φαινόμενον
789 3510 852 3562 ὲκ
882 3509 992 3562 τῶν
1022 3510 1369 3578 πραγμάτων
1396 3509 1660 3580 πράττειν
1689 3508 1806 3578 μετ’

220 3596 687 3668 εὐγνωμοσύνης.
750 3597 912 3650 Ὀθεν
972 3596 1116 3663 ἄξιοι
1173 3596 1508 3669 συγγνώμης
1564 3598 1808 3667 νομίζειν

222 3682 383 3743 εἶναι
407 3686 538 3760 παρ’
569 3687 743 3760 αὐτῷ.
780 3688 1000 3742 Δεῖσθαι
1034 3690 1220 3759 μέντοι
1255 3690 1474 3758 καὶτῆς
1513 3689 1583 3742 δι’
1625 3689 1808 3758 ὅρκων

221 3783 562 3851 ἀσφαλείας,
589 3780 664 3844 ὡς
694 3781 849 3836 οὐδὲν
892 3781 1172 3836 πείσονται
1203 3781 1313 3836 τῶν
1347 3783 1490 3836 κατά
1517 3782 1609 3836 τὸν
1638 3782 1806 3836 πόλε-

217 3893 334 3947 μον
368 3875 556 3940 αὐτοῖς
582 3877 959 3948 εἰργασμένων
989 3875 1178 3941 ἕνεκα,
1219 3877 1314 3930 καὶ
1339 3875 1447 3930 τῶν
1488 3875 1718 3947 ὕϐρεων,
1747 3876 1805 3930 αἶ

215 3968 386 4039 παρὰ.
438 3969 661 4039 φαύλων
696 3971 794 4023 καὶ
846 3967 939 4023 τοῦ
975 3969 1210 4040 μηδενὸς
1259 3967 1428 4035 ἀξίων
1495 3969 1804 4040 ἀνθρώπων

211 4062 480 4135 εἴρηνται
511 4063 647 4135 πρὸς
677 4063 841 4117 αὐτὸν
873 4063 981 4117 τῶν
1019 4067 1079 4118 ἐν
1127 4063 1272 4134 λόγῳ
1295 4062 1514 4117 πάντων
1567 4063 1805 4131 μάλιστα

213 4156 579 4226 ἀνιωμένων,
617 4159 714 4211 καὶ
740 4157 840 4224 τὴν
877 4155 1181 4210 ἀκολασίαν
1227 4156 1326 4226 τῆς
1373 4154 1622 4224 γλώττης
1655 4153 1804 4208 τιθε-

221 4249 415 4320 μένων
466 4249 526 4302 ἑν
573 4247 758 4319 δεινῷ.
811 4246 1092 4319 Ούδεμιᾶς
1136 4247 1246 4318 γὰρ
1279 4247 1806 4318 ὕϐρεωςήὲφείδοντο

214 4341 468 4406 ἑστῶτες
505 4341 598 4395 ἐπὶ
631 4341 741 4396 τῶν
763 4339 986 4411 τειχῶν.
1030 4339 1196 4394 Ὅθεν
1248 4339 1338 4393 καί
1373 4357 1503 4392 ποτε
1535 4338 1814 4408 βασιλέως.

212 4437 284 4488 ὲν
342 4433 530 4498 ὅπλοις
559 4435 850 4505 παριόντος
884 4432 981 4486 καὶ
1032 4432 1100 4486 τὰ
1153 4432 1311 4502 τείχη
1347 4431 1805 4502 κατασκεπτομέ-

1834 3207 1879 3260 G

1913 2125 2275 2196 optimatibus
2304 2127 2484 2197 pauci,
2539 2127 2604 2182 de
2645 2128 2794 2183 clero
2823 2129 2953 2183 item
2987 2129 3260 2185 nonnulli.
3310 2131 3491 2200 Atque

1913 2225 1976 2272 ut
2019 2232 2090 2272 se
2145 2227 2448 2288 purgarent
2507 2218 2944 2289 quodammodo,
2984 2220 3145 2277 aliter
3184 2235 3242 2277 se
3307 2221 3492 2278 facere

1911 2310 2197 2382 nequiisse
2247 2311 2526 2376 dixerunt,
2610 2321 2903 2382 propterea
2968 2313 3118 2384 quod
3171 2315 3499 2387 nuperrime.

1911 2413 2254 2459 sacramento
2282 2412 2552 2475 concepto
2581 2392 3002 2473 spoponderim,
3029 2421 3088 2461 se
3116 2406 3484 2476 imperatricis

1911 2494 2164 2550 hostibus
2194 2503 2456 2564 quantum
2496 2495 2746 2550 valerent
2780 2496 3091 2552 restituros.
3115 2497 3269 2562 Quod
3295 2499 3478 2570 juras-

1911 2591 2056 2666 sent,
2086 2585 2408 2654 praestitisse
2435 2584 2704 2641 hactenus
2754 2586 2989 2641 ﬁdeliter
3023 2605 3038 2641 :
3066 2597 3122 2642 et
3143 2589 3288 2658 quod
3326 2605 3477 2646 nunc

1911 2691 2003 2732 res
2049 2676 2168 2747 ipsa
2223 2677 2358 2733 utile
2407 2677 2662 2743 laturum
2697 2679 2916 2746 doceat,
2967 2678 3019 2733 id
3081 2696 3240 2751 aequo
3294 2682 3483 2737 animo

1911 2767 2177 2823 tacturos.
2210 2769 2410 2824 Putare
2450 2770 2638 2840 igitur,
2683 2785 2746 2826 se
2772 2769 2968 2840 dignos
2998 2787 3122 2827 esse
3167 2773 3349 2828 venia.
3381 2773 3490 2829 Cu-

1910 2875 2043 2932 pere
2102 2870 2280 2917 tamen
2336 2862 2698 2933 jurejurando
2752 2863 2859 2918 sibi
2917 2864 3123 2931 caveri,
3180 2865 3259 2920 nil
3320 2881 3488 2936 grave

1910 2968 2172 3023 passuros
2187 2953 2257 3009 ob
2278 2969 2342 3009 ea
2363 2969 2484 3024 qua:
2497 2955 2830 3011 durantibus
2859 2957 3030 3012 armis
3052 2958 3486 3019 commisissent.

1909 3046 1979 3101 ob
2008 3047 2258 3100 convicia
2293 3047 2524 3114 scilicet,
2575 3063 2697 3118 quae
2727 3063 2835 3102 non
2884 3049 3006 3104 sine
3036 3063 3252 3105 summo
3296 3050 3487 3108 dolore

1910 3139 2152 3193 virorum
2225 3139 2474 3210 gravium
2508 3179 2525 3206 ,
2587 3140 2786 3211 abjecti
2820 3181 2833 3205 ,
2894 3151 2950 3196 et
3010 3142 3171 3197 nauci
3231 3143 3487 3199 homines

1911 3229 2130 3299 procaci
2148 3229 2334 3300 lingua
2362 3230 2418 3285 in
2436 3245 2562 3286 eum
2591 3231 2982 3292 contorserint.
3011 3231 3186 3288 Nullis
3207 3234 3486 3306 siquidem

1911 3320 2134 3388 probris
2188 3328 2400 3375 stantes
2442 3319 2499 3374 in
2571 3319 2749 3376 muris
2809 3321 3105 3392 parcebant
3152 3339 3164 3374 :
3211 3332 3269 3375 ut
3317 3323 3486 3378 etiam

1909 3412 2206 3481 aliquando
2226 3420 2441 3466 armato
2472 3412 2809 3482 imperatore
2845 3412 3168 3478 accedente,
3193 3421 3247 3468 et
3280 3415 3486 3470 mcenia

1909 3514 2138 3574 propter
2163 3504 2627 3575 oppugnationem
2653 3505 3084 3574 contemplante,
3129 3516 3242 3560 tres
3261 3506 3484 3576 quidam

1910 3612 1975 3653 eo
1999 3598 2220 3668 cognito
2243 3598 2472 3652 elfnsius
2503 3598 2911 3652 maledicerent.
2943 3596 3044 3663 Qui
3072 3598 3301 3667 propius
3325 3614 3485 3656 acce-

1919 3689 2058 3745 dens
2115 3691 2420 3759 quaesivit,
2479 3706 2613 3745 num
2661 3691 2900 3746 scientes
2942 3690 3069 3761 quis
3121 3701 3285 3756 esset,
3347 3693 3487 3749 adeo

1910 3782 2214 3838 liberaliter
2247 3783 2613 3840 contumelias
2668 3782 2938 3838 dicerent.
2994 3781 3200 3837 Eorum
3239 3798 3349 3838 uno
3398 3800 3488 3840 re-

1874 3865 2238 3946 ‘spondente,
2304 3877 2541 3932 maxime
2580 3884 2636 3931 et
2695 3875 2904 3930 idcirco
2957 3875 3157 3945 probra
3221 3874 3480 3940 fundere,

1909 3969 2116 4040 quibus
2140 3970 2254 4040 ipse
2301 3969 2489 4024 multis
2519 3969 2724 4054 dignus
2763 3976 2930 4034 esset,
2973 3968 3122 4037 quod
3149 3967 3322 4024 fracta
3353 3968 3481 4035 ﬁde,

1909 4062 2262 4133 imperatoris
2317 4059 2510 4116 liberis
2561 4060 2962 4137 insidiaretur,
3013 4075 3316 4128 omnesque
3364 4063 3483 4117 vias

1910 4155 2217 4227 indagaret,
2241 4167 2351 4226 quo
2385 4154 2509 4209 illos
2538 4153 2818 4209 meditatae
2849 4153 2917 4208 ab
2946 4168 3004 4207 se
3037 4153 3205 4208 morti
3231 4154 3480 4218 olferret,

1907 4261 1939 4300 a
2015 4246 2217 4316 quibus
2280 4246 2487 4301 nullam
2546 4260 2790 4316 unquam
2855 4246 3124 4301 sensisset
3188 4246 3478 4317 injuriam,

1907 4338 2140 4405 Quando
2163 4347 2370 4403 autem,
2405 4339 2617 4408 excepit
2641 4337 3082 4402 Cantacuzenus,
3127 4339 3181 4393 in
3208 4338 3482 4407 judicium

1908 4445 1996 4485 me
2036 4433 2464 4502 vocatnm,quia
2511 4431 2812 4488 dissolvere
2857 4432 3090 4487 crimina
3141 4449 3250 4488 non
3300 4435 3481 4504 potui,

214 4546 326 4582 νου
367 4528 458 4582 διὰ
504 4528 603 4600 τὴν
649 4527 1034 4600 τειχομαχίαν,
1079 4528 1228 4599 τρεῖς
1254 4525 1401 4589 τινὲς
1443 4523 1676 4588 ἑστῶτες
1709 4525 1803 4578 ἐπὶ

1910 4532 1965 4578 et
2016 4523 2250 4594 injurize,
2302 4535 2359 4580 et
2424 4524 2694 4596 periurii,
2761 4534 2816 4580 et
2866 4525 3030 4596 hujus
3052 4526 3278 4582 sceleris
3334 4528 3490 4596 quod.

207 4620 336 4674 τῶν
365 4619 582 4690 τειχῶν,
621 4617 824 4690 μᾶλλον
867 4617 976 4671 τῶν
1033 4613 1250 4684 ὕϐρεων
1303 4614 1561 4684 ἠφείδουν
1601 4609 1803 4684 γνωρίσ-

212 4731 330 4782 μου
388 4713 701 4784 γινομένου.
745 4711 806 4768 '0
837 4713 893 4766 δὲ
948 4712 1117 4780 ἐγγὺς
1162 4709 1484 4778 γενόμενος,
1527 4707 1721 4778 ἠρώτα
1749 4705 1800 4758 εί

210 4805 424 4875 εἰδότες
454 4805 512 4868 ὃς
544 4823 629 4870 τις
659 4804 746 4874 είη
780 4805 1104 4875 ὑϐρίζουσιν
1145 4803 1319 4864 οὕτως
1343 4799 1600 4869 ἀφειδῶς.
1648 4796 1801 4860 Ἐνὸς

213 4897 278 4944 δὶ
333 4874 824 4969 ἀποκριναμένουτ
857 4874 959 4961 ίώς
1017 4895 1258 4966 μάλιστα
1325 4892 1542 4955 εἰδεῖεν,
1588 4890 1684 4944 καὶ
1711 4890 1801 4944 διὰ

212 4980 388 5036 τοῦτο
416 4993 508 5046 καὶ
527 4990 772 5061 ὑϐρίζειν
791 4989 1006 5044 πολλῶν
1035 4989 1164 5042 ὄντα
1195 4985 1349 5053 ἄξιον
1395 4984 1694 5055 λοιδοριῶν,
1719 4983 1802 5036 ὅτι

213 5074 553 5145 ἀποστάτης
627 5081 872 5152 γεγονὼς
928 5084 1041 5146 τοῖς
1096 5081 1366 5152 βασιλέως
1430 5075 1798 5132 ἐπεϐούλευσε

210 5167 404 5228 παισὶ,
456 5168 552 5220 καὶ
609 5168 868 5237 οὐδεμιᾶς
927 5175 1204 5245 ἀπέσχετο
1253 5172 1454 5243 πείρας
1480 5170 1800 5224 ἀποκτεῖναι

209 5259 349 5320 τοὺς
369 5257 524 5312 οὐδὲν
544 5259 872 5332 ἠδικηκότας
891 5268 1306 5336 μηχανώμενος,
1325 5265 1462 5318 Πότε
1483 5262 1560 5327 δὲ,
1578 5261 1802 5332 είρηκεν

210 5353 247 5403 ὁ
287 5349 570 5420 βασιλεὺς,
597 5353 690 5406 ἐπὶ
736 5354 894 5427 δίκην
951 5358 1328 5422 καταστάντα,
1356 5357 1440 5410 ὅτι
1496 5356 1572 5427 μὴ
1611 5356 1682 5409 τὰ
1710 5357 1802 5422 ἐγ-

206 5443 484 5515 κλήματα
544 5444 817 5518 ἠδυνήθην
887 5449 1306 5514 ἀπολύσασθαι,
1347 5439 1801 5520 κατεψηφίσασθε

205 5537 434 5590 ἅδικείν
467 5537 620 5590 αὐτοὶ
649 5539 742 5590 καὶ
770 5541 1074 5610 ἐπιορκεῖν,
1105 5543 1204 5596 καὶ
1237 5542 1465 5597 τοιαῦτα
1493 5536 1582 5594 οἷα
1607 5539 1796 5608 λέγετε

205 5629 454 5701 τολμᾷν.
506 5631 629 5685 Τῶν
673 5631 730 5684 δὲ
777 5631 1007 5703 ἔναγχος
1055 5635 1118 5687 ὲκ
1167 5635 1469 5700 Βυζαντίου
1531 5633 1800 5688 εἰπόντων

206 5723 382 5792 ἥκειν
408 5721 467 5775 ὲὺ
494 5715 538 5792 ᾧ
562 5723 631 5777 τὰ
656 5726 801 5777 κατά
827 5725 1097 5796 βασιλέως
1145 5726 1238 5781 ὑπ’
1267 5727 1435 5782 αὐτοῦ
1491 5727 1802 5796 ἑσκαιωρη·

206 5811 366 5885 μέγα
419 5816 690 5887 ἐκμαθεῖν
724 5833 738 5848 ο
770 5815 836 5872 δι’
887 5825 923 5874 ἃ
948 5821 1046 5873 καὶ
1078 5820 1205 5882 τοὺς
1256 5818 1394 5889 ἐκεῖ,
1429 5817 1499 5870 τὰ
1535 5815 1802 5888 βασιλέως

460 5909 732 5974 Ρηιιοι..
767 5913 884 5975 Gn.
923 5915 1128 5978 CLlll.

1907 4615 2174 4685 objicitis,
2207 4631 2297 4671 me
2342 4616 2792 4678 condemnastisi
2833 4617 3325 4686 Respondentibus,
3351 4617 3482 4683 illis,

1905 4709 2070 4776 paulo
2100 4716 2228 4763 ante
2283 4707 2544 4778 Byzantio
2589 4708 2834 4774 venisse,
2882 4723 2912 4762 a
2953 4723 3064 4778 quo
3094 4724 3218 4779 quae
3271 4710 3387 4779 ipse
3423 4709 3489 4768 in

1907 4789 2297 4869 imperatorem
2341 4799 2745 4854 adolescentem
2805 4814 3064 4870 perverse
3129 4799 3480 4857 machinatus

1905 4900 2071 4958 esset,
2109 4891 2436 4948 didicissent
2471 4909 2486 4948 ι
2512 4900 2570 4946 et
2600 4891 2810 4947 idcirco
2839 4891 2932 4960 qui
2958 4891 3071 4947 illic
3095 4890 3482 4961 imperatorem

1871 5055 1878 5066 ε
1911 4997 2222 5052 tuerentur,
2269 4987 2447 5057 ipsum
2475 4985 2778 5057 expulisse,
2820 4985 3029 5056 quibus
3053 5000 3177 5040 cum
3223 4985 3484 5043 resistere

1906 5090 2146 5150 nequeat
2204 5079 2313 5135 huc
2373 5079 2584 5144 venire,
2644 5079 2836 5144 Recte,
2894 5077 2966 5132 mi
3017 5078 3206 5142 homo,
3240 5080 3484 5136 occurrit
3593 5143 3600 5150 _

1905 5171 2344 5234 Cantacuzenus,
2381 5172 2497 5227 haec
2519 5185 2617 5226 vos
2641 5170 2906 5242 Byzantio
2937 5169 3202 5238 didicissg
3227 5171 3329 5226 ais.
3366 5171 3480 5242 Ego

1909 5279 2042 5320 vero
2069 5265 2175 5320 huc
2193 5265 2378 5332 venio,
2407 5271 2468 5318 ut
2497 5278 2622 5319 cum
2650 5270 2701 5318 te
2725 5264 2796 5317 ob
2822 5261 3145 5340 maledicam
3179 5263 3482 5333 loquacita-

1911 5365 2020 5411 tem
2053 5357 2349 5427 punivero,
2405 5367 2499 5412 tuo
2528 5357 2784 5427 exemplo
2838 5354 2942 5426 ipsi
2994 5355 3300 5425 protervire
3335 5359 3487 5412 desi-

1905 5459 2058 5504 nant.
2097 5449 2193 5505 His
2225 5465 2324 5521 per
2348 5449 2539 5504 ludum
2565 5449 2748 5515 dictis,
2777 5448 3062 5518 praeteriit.
3091 5447 3292 5504 Eadem
3322 5460 3484 5508 nocte

1908 5541 2292 5613 militesjussu
2324 5541 2677 5610 imperatoris
2699 5540 2931 5596 insidias
2946 5541 3011 5594 ad
3043 5549 3226 5609 portas
3256 5541 3484 5595 tenden-

1907 5642 2015 5698 tes,
2050 5641 2107 5686 ut
2132 5631 2469 5702 Oppidanum
2500 5632 2741 5702 aliquem
2773 5643 3056 5702 caperent,
3088 5645 3151 5686 ex
3198 5646 3309 5702 quo
3351 5631 3482 5701 quid

1905 5723 2056 5778 intus
2111 5732 2436 5794 gereretur,
2471 5725 2882 5795 eXprimerent,
2947 5740 3077 5782 casu
3135 5724 3474 5794 ipsissimum

1906 5815 2336 5874 eonviciatorem
2371 5817 2545 5874 multo
2577 5834 2758 5888 mane,
2791 5821 2978 5877 nescio
3014 5819 3170 5888 cujus
3199 5817 3276 5873 rei
3310 5831 3470 5872 causa

3082 5909 3156 5970 29
