3880 6582
371 361 376 364 ”
465 412 585 477 οιι

1673 411 1994 472 JOANNIS
2033 401 2561 473 CANTACUZENI
3588 411 3660 476 912

481 528 762 584 conditam
794 527 861 582 de
894 527 1164 583 industria
1195 541 1396 584 vexare
1431 524 1695 590 instabat.
1723 542 1824 583 nec
1875 527 2047 581 ullum

2153 544 2337 597 μενος.
2394 527 2468 582 Τὸ
2517 527 2699 582 δοκεῖν
2737 525 2877 598 μὲν,
2922 527 3004 584 ὅτι
3043 525 3208 598 ψήφῳ
3272 526 3372 597 τῆς
3421 527 3660 599 συγκλήτου

481 637 658 692 genus
692 619 958 676 molestia:
975 621 1026 676 ei
1059 635 1169 675 non
1204 619 1522 675 adhibebat.
1555 620 1690 675 Nam
1712 629 1768 674 et
1797 620 2054 675 custodes

490 713 572 767 illi
637 711 841 777 dedit,
908 711 1162 767 homines
1226 711 1618 781 impudentes,
1695 712 2053 782 moribusque

481 804 787 868 barbaros,
845 804 1051 874 quibus
1139 804 1452 874 praecepit,
1505 819 1724 860 omnem
1782 806 1838 859 in
1905 804 2051 859 illam

481 896 764 952 diritatem
840 910 1213 966 expromere,
1276 904 1331 949 et
1399 911 1580 965 quam
1630 896 2051 967 indignissime,

481 989 1070 1059 contemptissimeque
1128 997 1384 1044 tractare.
1434 989 1572 1044 llinc
1600 989 1850 1060 quamvis
1891 998 2054 1046 antea

481 1096 702 1150 quoque
738 1081 920 1136 victus
968 1081 1018 1135 ei
1077 1081 1316 1151 maligne
1363 1082 1723 1150 praeberetur,
1776 1091 1955 1136 tamen
1977 1080 2052 1150 ﬁhi

484 1176 792 1229 tenuiorem
819 1174 1002 1229 adhuc
1031 1174 1479 1245 suppeditabant.
1513 1174 1667 1241 Quod
1728 1175 1772 1230 si
1808 1176 2048 1246 quando,

480 1266 662 1321 oﬂicio
722 1267 1082 1322 humanitatis
1149 1266 1420 1329 videlicet.
1474 1269 1564 1337 jus
1659 1267 2050 1339 porrigendum

466 1367 645 1422 esset,
680 1372 806 1412 cum
855 1359 1003 1413 laute
1056 1373 1122 1411 ac
1156 1358 1387 1413 delicate
1435 1358 1758 1422 educatam,
1809 1339 2053 1430 nihilque

483 1463 648 1516 posse
676 1448 1048 1510 immundum,
1086 1464 1152 1505 ac
1200 1449 1486 1505 sordidum
1522 1461 1744 1520 tangere
1799 1467 1907 1506 non
1957 1468 2056 1508 ne-

482 1541 714 1602 scirent,
749 1555 948 1596 manus
981 1541 1162 1596 illotas
1186 1542 1549 1599 immittentes
1587 1544 2052 1614 pervestigabant,

481 1633 679 1701 ecquid
708 1634 856 1689 intus
888 1635 1121 1692 laterent
1165 1651 1192 1688 a
1235 1636 1346 1689 ﬁlio
1381 1623 1600 1697 litterae.
1636 1636 1850 1692 tametsi
1907 1636 2054 1706 quod

481 1723 816 1790 oﬂ'erebant,
847 1727 1073 1796 ipsimet
1105 1739 1392 1784 coxeraut.
1423 1729 1575 1795 Quod
1606 1745 1730 1784 cum
1768 1731 1855 1784 illa
1906 1731 2056 1785 vide-

481 1827 588 1884 ret,
623 1820 818 1874 misera
849 1819 993 1875 fame
1025 1821 1218 1886 emori,
1253 1838 1417 1891 quam
1460 1823 1774 1891 spurcitiem
1803 1824 2056 1893 hujusce-

481 1908 630 1963 modi
666 1918 887 1980 gustare
929 1909 1146 1966 maluit.
1215 1909 1406 1964 llieme
1451 1921 1634 1966 autem
1675 1914 1938 1966 acerrima
1989 1927 2052 1968 ac

479 2001 776 2072 perfrigida
809 2016 912 2058 nec
941 2017 1006 2057 ex
1041 2011 1192 2059 veste
1239 2004 1480 2072 stragula
1512 2005 1578 2058 ad
1627 2020 1827 2075 corpus
1857 2021 2054 2076 coope-

480 2095 756 2160 ricndum,
789 2110 890 2150 nec
919 2111 984 2151 ex
1033 2110 1264 2152 accenso
1316 2097 1439 2152 loco
1485 2097 1658 2152 ullum
1695 2097 1746 2153 ei
1790 2099 2057 2154 solatium

477 2187 883 2257 impertiebant,
927 2188 1181 2257 quamvis
1224 2188 1467 2258 Augusta
1502 2180 1852 2257 mandasset,
1887 2201 1947 2246 ut
1995 2193 2051 2246 in

475 2292 538 2331 ea
565 2279 808 2337 curanda
842 2279 978 2333 nihil
1009 2280 1545 2349 praetermitteretur.
1573 2281 1716 2348 Quin
1747 2283 1912 2339 etiam
1937 2292 2053 2340 toto

476 2370 564 2424 die
589 2371 870 2432 custodes.
907 2370 1366 2442 ipsa‘audiente,
1424 2371 1481 2428 in
1536 2373 1708 2428 ﬁlium
1760 2375 2079 2431 maledicta

473 2464 592 2517 sine
626 2461 808 2517 fronte
845 2463 1055 2533 jactare
1101 2478 1211 2518 non
1257 2463 1575 2531 cessabant,
1622 2475 1676 2520 et
1707 2475 1966 2536 tanquam
2003 2469 2050 2524 si

468 2556 703 2610 nuntios
753 2556 1120 2626 accepissent,
1145 2557 1234 2612 illi
1268 2558 1608 2614 narrabant:
1643 2561 1782 2616 alias
1804 2561 2048 2631 quidem,

476 2656 697 2717 captum
754 2661 902 2709 esse,
965 2655 1021 2701 et
1066 2647 1279 2702 catenis
1335 2647 1556 2718 injectis
1615 2647 1760 2704 foede
1812 2651 2050 2719 raptari;

476 2737 634 2800 alias,
687 2736 988 2792 commisso
1041 2735 1231 2806 praalio
1289 2737 1556 2805 occisum,
1610 2738 1832 2809 jamque
1889 2747 2052 2810 caput

476 2825 662 2882 aﬂerri
703 2825 848 2896 quod
875 2825 1270 2881 consolationis
1297 2841 1462 2882 causa
1491 2827 1558 2882 ad
1588 2843 1708 2882 eam
1747 2844 1966 2897 quoque
1991 2845 2051 2885 se

478 2919 740 2975 allaturos
772 2917 1209 2988 pollicebantur;
1244 2917 1459 2988 aliaque
1479 2917 1702 2973 demum
1716 2921 2050 2985 crudeliora,

476 3020 532 3065 et
560 3009 887 3064 immaniora
932 3009 1127 3064 multo.
1180 3008 1339 3065 Unde
1392 3025 1559 3080 supra
1613 3011 1841 3067 modum
1884 3014 2050 3070 corde

469 3101 812 3158 inﬂammata
849 3140 865 3167 ,
926 3109 982 3156 et
1039 3101 1419 3158 conlabefacta
1453 3145 1468 3170 ,
1520 3103 1592 3172 ain
1644 3104 2048 3174 rapidissimam

2159 618 2357 690 βουλῆς
2386 623 2484 676 καὶ
2513 619 2815 691 βασιλίδος,
2852 620 2949 676 καὶ
2989 620 3225 690 μάλιστα
3253 620 3569 690 πατριάρχου
3593 622 3664 684 τὰς

2157 712 2434 784 τιμωρίας
2473 708 2557 776 οἷς
2585 711 2653 767 ἂν
2679 712 2990 783 ἐθελήσειεν
3024 712 3270 781 ἐπάγων.
3300 711 3380 784 Τῇ
3405 711 3447 765 δ’
3474 712 3665 785 ἀληθεία,

2156 803 2224 858 τὰ
2257 805 2520 860 δοκοῦντα
2547 807 2728 877 ἐαυτῷ
2754 806 2949 882 ποιῶν.
2977 805 3088 878 Τήν
3115 807 3169 860 δέ
3217 807 3481 878 βασιλέως
3509 809 3669 878 μητέρι

2158 898 2619 971 Καντακουξηνοῦ
2654 941 2670 966 ,
2728 903 2826 957 καὶ
2895 902 3165 972 πρότερον
3239 902 3299 954 ἐν
3363 900 3670 970 δεσμωτηρίῳ

2157 990 2746 1061 κατακεκλεισμένην,
2805 992 3008 1062 μᾶλλον
3079 993 3325 1046 ἐκάκουν
3377 991 3672 1061 ἐξεπίτηδες,

2155 1083 2253 1136 καλ⁸
2321 1081 2475 1137 οὐδὲν
2525 1075 2672 1146 εἶδος
2735 1083 2918 1154 λύπης
2973 1083 3244 1137 ἀπέλιπον
3306 1081 3674 1152 ἐπιδεδειγμένοι

2156 1175 2293 1242 πρὸς
2343 1174 2584 1245 ἐκείνην.
2615 1174 2872 1240 Φύλακάς
2909 1192 2969 1229 τε
3022 1176 3133 1246 γὰρ
3171 1175 3484 1243 ἐπέστησαν
3509 1175 3675 1244 ἀνθρὼ-

2156 1282 2291 1326 πους
2321 1265 2563 1330 ἀναιδεῖς
2587 1267 2799 1322 καὶτὸν
2825 1268 3030 1338 τρόπον
3055 1267 3400 1338 βαρϐάρους,
3430 1269 3520 1322 καὶ
3539 1268 3676 1320 πᾶσαν

2153 1356 2564 1411 ἐπιδείκνυσθαι
2617 1360 2994 1428 προσέταττον
3053 1359 3286 1427 πικρίαν
3329 1353 3479 1427 ’πρὸς
3527 1357 3677 1425 αὑτήν.

2153 1449 2266 1518 Καὶ
2307 1449 2485 1504 πάντα
2528 1453 2710 1503 ποιεῖν
2755 1450 3145 1518 ἐφ’ὓϐρεικαὶ
3166 1449 3585 1519 καταφρονήσει.
3620 1450 3678 1502 Τά

2152 1552 2212 1588 τε
2258 1536 2534 1606 ἀναγκαῖα
2587 1539 2728 1610 πρὸς
2782 1540 3009 1611 τροφὴν,
3062 1539 3160 1594 καί
3207 1558 3296 1593 τοι
3349 1541 3678 1610 καὶπρότερον

2155 1627 2352 1690 ἐνδεῶς
2381 1629 2745 1699 παρέχοντες,
2769 1631 2849 1684 ἔτι
2873 1632 3076 1702 μᾶλλον
3103 1630 3384 1702 γλίσχρως
3411 1631 3676 1700 ἐχορήγουν.

2154 1719 2218 1774 Ei
2247 1719 2304 1773 δέ
2339 1737 2470 1774 ποτε
2507 1722 2632 1775 -ἐδει
2673 1724 2768 1777 καὶ
2814 1721 2997 1792 ζωμόν
3043 1739 3166 1777 τινα
3217 1721 3503 1791 παρέχειν,
3527 1721 3675 1788 φιλαν-

2155 1812 2659 1883 θρωπευσαμένους
2735 1814 2899 1884 δῆθεν
2926 1854 2942 1880 ,
2999 1815 3205 1880 εἰδότες
3276 1817 3357 1878 ὡς
3416 1814 3678 1883 πολυτελείᾳ

2155 1905 2453 1975 ἐντραφείη
2480 1905 2580 1959 καὶ
2609 1909 2818 1978 τρυφῇ,
2852 1908 2948 1961 καὶ
2977 1908 3193 1972 οὐδενὸς
3221 1908 3292 1962 ἂν
3333 1907 3524 1975 ἅψαιτο
3551 1922 3677 1976 μεμο-

2154 1998 2440 2067 λυσμένου
2485 1998 2586 2062 τὰς
2614 2001 2806 2069 χεῖρας
2846 2001 3109 2064 ἀνίπτους
3159 2001 3467 2064 καθιέντες,
3512 2000 3681 2070 δεηρεῦ-

2153 2107 2262 2144 νων
2289 2091 2450 2162 δῆθεν
2489 2093 2578 2146 τὸν
2613 2091 2801 2164 ζωμὸν
2827 2133 2843 2160 ,
2879 2093 2929 2146 εί
2983 2094 3059 2164 μή
3114 2111 3196 2148 τοι
3247 2095 3402 2147 ἔνδον
3438 2093 3677 2162 κρύπτοιτο

2153 2184 2458 2256 γράμματα
2491 2185 2643 2256 παρά
2672 2185 2768 2240 τοῦ
2818 2185 2938 2241 υἱοῦ
2989 2187 3412 2256 ἀπεσταλμένα,
3442 2187 3526 2240 καί
3549 2186 3679 2253 τοίγε

2155 2277 2310 2330 αὐτοὶ
2337 2279 2447 2332 τῶν
2469 2278 2908 2350 προσαγομένων
2937 2280 3096 2343 θντες
3124 2280 3408 2351 μάγειροι.
3442 2281 3504 2334 ’Δ
3523 2279 3677 2348 δρῶσα,

2157 2369 2358 2440 μᾶλλον
2389 2372 2572 2442 ᾑρεῖτο
2593 2371 2739 2442 λιμῷ
2767 2370 2956 2441 βιαίως
2986 2371 3388 2442 ἀποθνήσκειν,
3419 2372 3452 2440 ἢ
3473 2369 3677 2424 τοιούτων

2152 2462 2430 2529 γενέσθαι.
2474 2463 2563 2516 Ἑν
2586 2462 2818 2534 χειμῶνί
2847 2480 2907 2516 τε
2945 2463 3302 2534 σφοδροτάτῳ
3333 2463 3429 2518 καὶ
3455 2461 3676 2532 κρυμὼίει

2153 2554 2430 2624 οὐδεμίαν,
2463 2555 2578 2609 οὔτ’
2627 2558 2692 2609 ἐκ
2739 2555 2850 2608 τῶν
2913 2555 3092 2610 ἄλλων
3119 2556 3473 2625 ἐπιτηδείων,
3499 2554 3672 2607 ὠτεέκ

2154 2646 2326 2713 πυρὸς
2383 2647 2711 2718 παρείχοντο
2755 2647 3134 2721 παραμυθίαν.
3191 2647 3308 2702 Καί
3340 2665 3423 2701 τοι
3454 2644 3674 2717 βασιλίδας

2157 2738 2427 2809 μηδεμιᾶς
2485 2741 2628 2794 κατά
2677 2741 2737 2794 τὸ
2795 2742 2957 2811 σῶμα
3021 2740 3336 2810 θεραπείας
3401 2739 3677 2804 κελευούσης

2153 2827 2498 2898 ἀποστερεῖν.
2541 2830 2699 2900 Παρὰ
2763 2831 2947 2884 πᾶσάν
2983 2847 3044 2883 τε
3095 2831 3325 2900 ἡμέραν
3358 2831 3456 2883 οὐκ
3483 2828 3675 2881 ἐνέλιπον

2151 2921 2200 2974 οῖ
2238 2920 2477 2991 φύλακες
2516 2921 2610 2974 τὸν
2661 2922 2776 2974 υἱὸν
2809 2921 3067 2992 ἀσέμνως
3121 2921 3377 2993 ὑδρίςειν
3410 2922 3493 2974 ἐπ’
3522 2919 3674 2986 αὐτῆς·

2153 3013 2248 3064 καὶ
2309 3012 2384 3073 ὡς
2437 3012 2702 3080 ἀγγελίας
2753 2998 2915 3083 δῆθεν
2946 3016 3298 3084 πεπυσμένοι
3350 3011 3683 3084 ἀπήγγελλον,

2151 3090 2286 3156 ποτέ
2322 3103 2422 3173 μὲν
2449 3103 2526 3165 ὡς
2557 3103 2894 3174 συλληφθείη
2927 3107 2954 3159 ό
2988 3107 3123 3168 υίὸς,
3158 3108 3257 3161 καὶ
3296 3107 3506 3175 ἀτίμως
3533 3105 3673 3171 ἄγοιτο

433 3177 438 3181 ’
477 3195 678 3272 iebrjm
703 3193 917 3250 incidit.
940 3193 1180 3255 Feminae
1199 3194 1361 3249 sociae
1379 3195 1675 3250 archontas
1697 3196 2046 3264 saevissimos,

2155 3198 2547 3267 περικείμενος
2577 3197 2763 3252 κλοιά·
2794 3199 2986 3253 ἄλλοτε
3017 3200 3075 3253 δὲ
3101 3200 3177 3263 ὡς
3203 3201 3387 3272 μάχης
3411 3198 3673 3267 γενομένης,

460 3289 556 3345 aui
616 3289 890 3344 medicum
945 3289 1091 3344 illam
1130 3289 1354 3343 visitare
1390 3297 1737 3358 paterentur,
1794 3292 2074 3360 quamvis

469 3382 837 3446 obtestantes,
871 3381 1150 3436 inﬂectere
1205 3397 1314 3436 non
1366 3390 1640 3452 poterant.
1677 3398 1853 3453 usque
1912 3386 2050 3440 adeo

456 3471 867 3541 Limproborum
942 3469 1204 3534 illorum,
1245 3478 1315 3524 .et
1357 3478 1746 3526 consuetorum
1802 3473 2049 3541 quotidie

474 3562 716 3615 humana
787 3559 1060 3615 devorare
1121 3561 1332 3616 viscera
1407 3560 1617 3634 (89),
1693 3561 1759 3617 ad
1825 3564 2052 3618 misera-

448 3654 681 3710 ~tionem
736 3655 949 3710 viscera
1010 3653 1420 3710 obduruerant.
1452 3654 1685 3712 Omnem
1719 3657 1770 3735 ei
1805 3659 2050 3714 curatio-

461 3761 598 3801 nem
632 3737 1100 3817 negawnt.'quasi
1133 3747 1390 3803 manibus
1415 3748 1532 3803 suis
1557 3763 1678 3804 eam
1704 3751 2047 3822 jugulantes.

467 3839 638 3911 469
677 3829 998 3909 lmperatrix
1034 3838 1127 3894 ubi
1158 3854 1256 3909 per
1281 3839 1468 3895 nescio
1497 3855 1661 3910 quem
1691 3842 1837 3897 illam
1871 3859 2052 3914 aegro-

453 3943 612 3993 -tare,
645 3947 748 3986 nec
787 3930 1286 3996 abarchontibus,
1312 3939 1378 3986 et
1404 3947 1434 3986 a
1470 3933 1733 4002 magistro
1759 3935 1931 4001 orbis,
1963 3947 2049 3990 at-

464 4041 580 4094 que
617 4024 896 4095 discipulo
941 4024 1090 4079 mitis
1120 4023 1268 4079 illius
1305 4039 1372 4078 ac
1438 4023 1660 4096 benigni
1691 4027 2051 4096 praeceptoris

466 4116 751 4171 medicum
799 4115 864 4169 ad
885 4115 1135 4170 eamdem
1174 4115 1744 4187 permissum'ingred-i
1799 4119 2047 4186 rescivit,

476 4217 685 4262 tantam
731 4206 1002 4260 feritatem
1029 4249 1044 4271 ,
1080 4214 1299 4274 tamque
1329 4205 1544 4260 alienos
1571 4206 1640 4260 ab
1673 4206 1823 4261 omni
1855 4207 2051 4263 huma.

476 4299 650 4367 nitate
699 4297 935 4362 animos,
973 4296 1162 4351 verbis
1183 4295 1561 4368 asperioribus
1590 4298 1723 4367 ipsis
1747 4299 2049 4368 exprobrao

472 4389 574 4452 vit,
601 4398 653 4444 et
685 4388 961 4442 medicum
993 4401 1155 4442 suum
1185 4385 1355 4448 misit,
1379 4386 1471 4454 qui
1501 4401 1602 4455 pro
1630 4386 1826 4442 morbo
1851 4387 1904 4444 ei
1937 4403 2051 4444 me-

2152 3286 2244 3340 ἐπ’
2283 3288 2453 3358 αὐτῆς
2505 3289 2900 3360 ἀποκτανθείη,
2933 3289 3056 3343 και
3084 3290 3276 3359 ἄγοιτο
3327 3294 3361 3363 ή
3401 3289 3601 3360 κεφαλή,
3627 3289 3674 3357 ἢν

2151 3379 2511 3449 παραμυθίας
2549 3380 2713 3434 ἕνεκα
2774 3383 2870 3435 καὶ
2920 3382 3057 3451 πρὸς
3113 3384 3289 3453 αὐτὴν
3347 3385 3495 3452 ἄγειν
3525 3384 3670 3449 ὑπερι-

2151 3471 2429 3543 σχνοῦντο.
2472 3473 2582 3526 Καὶ
2628 3473 2792 3547 ἕτερα
2820 3474 3080 3545 ὠμότερα
3115 3477 3213 3528 καὶ
3247 3476 3671 3544 ἁπανθρωπ-ὓτερσ

2151 3565 2352 3636 πολλῷ,
2392 3566 2452 3630 ἐξ
2495 3561 2570 3622 ὧν
2620 3567 2805 3638 ἐκείνη
2840 3570 2941 3637 τὴν
2983 3569 3211 3640 καρδίαν
3241 3569 3580 3640 ὑπερζέσασα
3606 3565 3672 3616 καὶ

2153 3661 2547 3723 κατατακεῖσαί,
2578 3661 2836 3731 πυρετοῖς
2873 3660 3082 3732 ἐλήφθη
3129 3661 3532 3731 σφοδροτάτοις.
3556 3659 3608 3711 Δί
3633 3655 3672 3708 δὲ

2153 3754 2282 3822 περὶ
2314 3752 2486 3822 αὐτὴν
2519 3756 2804 3822 γυναῖκες,
2837 3753 3004 3808 πολλὰ
3029 3754 3138 3806 τῶν
3166 3752 3473 3823 ὠμοτάτων
3497 3753 3670 3805 ἐκείνων

2152 3844 2429 3914 ἀρχόντων
2455 3842 2759 3913 δεηθεῖσαι,
2787 3842 2915 3896 ὥστ’
2945 3842 3239 3914 ἐπιτρέψαι
3269 3842 3455 3914 ίατρὸν
3481 3842 3592 3911 πρὸς
3606 3840 3668 3891 αὖ·

2151 3936 2253 4007 τὴν
2271 3937 2515 4005 εἰσάγειν
2544 3938 2640 3991 καὶ
2670 3938 2924 4008 προνοίας
2955 3937 3188 4002 ἀξιῶσαι
3217 3939 3426 4010 μικρᾶς
3445 3931 3671 3993 τινὺ;,οἰκ

2151 4029 2501 4100 ἠδυνήθησαν
2551 4028 2690 4099 πρὸς
2725 4029 2874 4082 ἔλεον
2906 4028 3314 4082 ἐκκαλέσασθαι
3349 4029 3416 4083 τὰ
3451 4025 3670 4092 σπλάγχνα

2150 4120 2262 4173 τῶν
2324 4118 2663 4190 ἀγνωμόνων
2723 4119 2981 4188 ἐκείνων,
3020 4121 3115 4175 καὶ
3169 4121 3459 4192 σπλάγχνα
3521 4115 3670 4172 ἐσθίειν

2153 4208 2462 4280 ἀνθρώπων
2512 4208 2841 4280 εἰθισμένων
2917 4212 3214 4282 ὁσημέραι.
3291 4211 3436 4265 ’Δλλ⁹
3489 4208 3668 4263 ἀπεῖπον

2153 4300 2293 4372 αὐτῇ
2351 4300 2532 4353 πᾶσαν
2571 4298 2892 4367 θεραπείακη
2945 4297 3134 4370 ὥσπερ
3187 4298 3502 4370 αὐτοχειρία
3547 4307 3669 4347 κατα-

2154 4393 2514 4462 σφάττοντες.
2555 4390 2620 4443 Ἦ
2659 4389 2876 4458 βασιλὶς
2907 4393 3002 4446 καὶ
3052 4391 3159 4444 ὑπό
3191 4407 3289 4446 του
3335 4389 3586 4460 πυθομένη
3610 4387 3666 4437 ὅτι

471 4483 711 4539 dicinam
778 4483 1001 4539 faceret.
1056 4479 1124 4533 At
1167 4477 1507 4547 patriarcha,
1555 4487 1610 4532 et
1667 4479 1913 4550 reliquus
1959 4481 2050 4537 ille

2153 4484 2336 4553 νοσοίη
2373 4486 2406 4555 ή
2439 4483 2536 4537 τοῦ
2579 4482 2848 4554 βασιλέως
2884 4487 3092 4555 μήτηρ,
3123 4482 3331 4547 καὶρώς
3369 4486 3464 4538 οὐκ
3489 4485 3667 4547 ἐπιτρα-

466 4581 746 4646 bonorum
777 4576 1020 4629 virorum
1049 4582 1226 4628 cattus
1253 4580 1602 4628 sacramento
1628 4572 1908 4628 hominem
1925 4574 2050 4630 adi-

2158 4579 2285 4650 πείη
2315 4578 2473 4649 παρὰ
2523 4577 2637 4631 τῶν
2689 4578 2990 4649 ἀρχόντων..
3017 4576 3115 4630 καὶ
3153 4575 3249 4629 τοῦ
3283 4574 3578 4630 διδασκάλου
3599 4568 3667 4631 τῆς

469 4686 626 4745 gere.
661 4669 967 4740 ingressum
996 4664 1135 4719 nihil
1165 4663 1646 4734 addepellendam
1667 4665 2048 4735 aegritudinem

2157 4671 2606 4741 οἱκουμένηςξκαὶ
2638 4668 2883 4740 μαθητοῦ
2907 4667 3002 4721 τοῦ
3019 4669 3198 4739 πρᾴου
3228 4671 3325 4724 καὶ
3347 4662 3666 4738 φιλανθρώπου

473 4763 971 4837 prmscripturum.,
1015 4757 1191 4825 Quem
1239 4771 1526 4812 accessum
1572 4769 1954 4826 recusantem,
2002 4759 2049 4815 si

2161 4763 2344 4834 ἰατρὸς
2371 4762 2508 4833 πρὸς
2557 4761 2728 4830 αὐτὴν
2769 4760 3060 4826 είσελθεῖν,
3111 4760 3362 4814 ὠνείδισε
3398 4761 3490 4831 μέν
3536 4752 3666 4810 αὐτοῖς

463 4856 669 4930 jacenti
711 4869 777 4909 ac
810 4852 1082 4910 laboranti
1127 4866 1190 4906 ex
1252 4861 1372 4904 arte
1405 4864 1526 4912 sua,
1561 4850 1696 4905 nihil
1726 4851 2049 4921 profuturus

2159 4853 2375 4922 πικρῶς
2395 4853 2495 4923 τὴν
2525 4850 2785 4921 ὠμότητα
2839 4851 2939 4903 καὶ
2987 4851 3088 4918 τήν
3142 4851 3478 4922 ἀναλγησίαν
3502 4866 3514 4879 ο
3541 4838 3668 4930 ster

466 4929 645 5014 esset,
680 4953 982 5016 coegerunt
1035 4941 1370 5013 imperatrici
1410 4940 1659 5006 obedire,
1697 4951 1760 4996 ut
1813 4951 1872 4997 et
1925 4958 2052 4999 cru-

2163 4947 2344 5018 ῖατρδν
2367 4945 2618 4999 ἐκέλευεν
2635 4943 2694 5007 δς
2719 4943 2858 5012 αὐτῇ
2885 4941 3021 5012 πρὸς
3047 4942 3146 5004 τὰς
3164 4943 3357 5006 νόσους
3385 4929 3661 5009 συνήθτξήνι

468 5043 752 5098 delitatem
791 5054 945 5095 suam
1000 5050 1177 5106 usque
1209 5036 1280 5089 ab
1313 5032 1473 5087 initio
1515 5042 1824 5098 servarent,
1865 5044 1921 5090 et
1954 5050 2052 5090 au-

2161 5042 2298 5112 πρδς
2329 5023 2556 5107 ἐκείνην
2603 5054 2662 5090 τε
2717 5037 2914 5102 ἐλθεῖν,
2961 5036 3054 5089 καὶ
3091 5037 3350 5108 προνοίας
3379 5019 3662 5112 ἀξιώσαι

462 5136 788 5194 etoritatem
834 5134 1095 5201 Augusta:
1147 5125 1549 5194 contempsisse
1595 5141 1665 5180 ne
1709 5125 2052 5194 viderentur,

2163 5110 2412 5200 δεούσης.
2454 5128 2811 5200 Πατριάρχης
2839 5128 2894 5180 δὲ
2945 5130 3040 5183 καὶ
3069 5131 3103 5198 ἡ
3148 5129 3310 5194 λοιπή
3354 5123 3459 5176 τῶν
3498 5110 3663 5184 ἀγαθῶν

464 5230 518 5285 si
548 5241 773 5284 accessu
817 5223 971 5277 illum
998 5221 1066 5275 ad
1098 5229 1354 5289 aegrotant
1382 5215 1814 5286 prohibuissent.
1840 5218 1896 5272 Si
1925 5234 2051 5288 per-

2156 5226 2382 5282 ἐκείνων
2413 5222 2624 5292 ἀνδρῶν
2672 5222 2876 5291 φατρία
2925 5221 3017 5274 τὸν
3064 5217 3252 5288 ίατρδν
3304 5211 3659 5284 παραλαϐόντες.

472 5323 769 5386 tenderet,
808 5331 868 5375 et
913 5315 1195 5387 quidpiam
1228 5312 1294 5367 ad
1328 5313 1559 5366 salutem
1597 5311 1740 5366 male
1796 5311 2052 5368 habentis

2157 5315 2356 5385 ὅρκους
2385 5312 2652 5384 ἀπῄτουν,
2687 5309 2829 5362 ὥστε
2869 5307 3092 5362 ἐλθόντα
3118 5307 3254 5377 πρὸς
3287 5307 3510 5373 ἐκείνην,
3541 5294 3660 5367 μηδὲν

470 5420 705 5477 diceret,
767 5427 835 5466 ne
875 5411 1027 5476 ipsos
1062 5415 1249 5476 postea
1280 5414 1595 5469 accusaret,
1627 5419 1754 5458 cum
1789 5417 1963 5461 semet
1993 5407 2052 5462 in

2153 5409 2294 5478 περὶ
2331 5409 2428 5477 τῆς
2465 5407 2622 5458 νόσου
2669 5401 3050 5466 διατάξασθαι.
3101 5399 3208 5454 Τοῦ
3258 5398 3316 5451 δέ
3347 5399 3436 5452 καὶ
3466 5393 3550 5462 τήν
3573 5389 3660 5488 ἐπὶ·

464 5508 836 5566 calatuitatem
883 5498 1322 5572 principitassct;
1376 5497 1855 5554 Cantacuzenismi
1899 5502 2050 5557 enim

2161 5499 2363 5572 δημίαν
2425 5493 2888 5567 ἀπαγορεύοντος,
2948 5493 2996 5546 εί
3055 5490 3239 5562 μέλλοι
3295 5487 3458 5573 μηδὲν
3507 5484 3560 5536 ἐκ
3594 5484 3661 5538 τῆῖ

1751 5615 1971 5676 Jacobi
2007 5615 2271 5679 Pontani
2307 5623 2496 5675 noue.

542 5726 654 5798 (89)
685 5723 924 5798 Pulchra
951 5717 1305 5790 ampiiﬁcatio
1328 5715 1421 5798 lilii
1458 5717 1515 5770 in
1548 5732 1710 5798 causa
1744 5720 1954 5798 matris.
1983 5721 2047 5774 Et
2147 5735 2270 5774 esse
2299 5716 2604 5798 visceribus
2635 5687 2960 5798 {siquidem
2995 5713 3144 5798 omni
3189 5727 3352 5798 sensu
3379 5695 3658 5798 humillilﬂf

461 5774 710 5856 miratur:
739 5774 1148 5862 wsatisargi-ite,
1181 5788 1475 5859 quomodo,
1508 5789 1598 5862 qui
1653 5789 1896 5857 quotidie
1940 5791 2044 5842 hu-
2143 5798 2420 5862 carerent.
2455 5799 2509 5841 et
2549 5788 2604 5841 in
2637 5774 2808 5858 ﬁgura
2845 5785 3088 5840 humana
3131 5784 3430 5838 belluarum
3461 5774 3656 5838 saevium

461 5883 632 5927 mana
689 5866 903 5925 viscera
961 5859 1336 5928 cotiiedereat,
1387 5867 1506 5914 tam
1561 5859 1713 5914 duris
1762 5864 2045 5928 potuerint
2146 5861 2511 5914 intuerentur.
