3880 6620
331 5306 342 5318 .
440 5257 668 5318 litteras
712 5259 906 5315 iisdem
960 5254 1408 5328 exploratoribus
1457 5259 1526 5314 ad
1577 5275 1702 5314 eum
1737 5261 2033 5329 portandas

434 430 542 496 919
1607 436 1927 498 JOANNIS
1961 438 2489 507 CANTACUZENI
3566 450 3639 515 99:0

434 547 711 610 texuisse,
751 554 809 600 ut
855 546 1064 601 interea
1103 545 1210 602 loci
1243 545 1388 617 quod
1423 547 1474 601 in
1513 563 1626 605 rem
1659 564 1812 605 suam
1839 551 2024 622 potis-'

2133 556 2351 612 παύοιτο
2379 556 2605 613 τοιαῦτα
2634 552 2966 628 κακουργῶν
2988 577 3002 592 ·
3029 559 3064 615 ἃ
3110 558 3486 629 φυλάττεσθαι
3513 564 3645 621 ἐδεῖτο

435 638 635 693 simum
690 639 816 700 flet,
863 639 1217 695 considerare
1264 641 1462 709 possit.
1497 641 1633 696 Dum
1678 643 2012 702 Codonianae

2133 649 2197 720 ,ιὴ
2224 649 2412 703 κακῶν
2463 651 2648 715 αὐτοῖς
2701 653 3022 722 ἀνηκέστων
3049 652 3234 716 αἴτιος
3275 659 3530 726 καταστῇ.
3572 652 3647 713 Ἦν

433 738 746 786 moraretur
778 731 1100 802 imperator,
1130 731 1384 787 Chrelem
1420 733 1487 788 ad
1519 749 1601 801 se,
1642 735 1732 804 qui
1761 751 1828 791 ex
1853 745 2012 804 pacto

2133 742 2276 796 ἑνεκα
2305 743 2400 796 καὶ
2433 743 2596 808 αὐτὸς
2632 745 2737 814 τὴν
2769 744 2956 812 ἄφιξιν
2997 746 3328 816 ἀπηγόρευε
3362 748 3439 817 τῷ
3487 748 3651 817 βασιλεῖ

429 827 542 898 jam
594 826 833 893 adesset,
861 827 1172 914 accersivit.
1211 828 1262 883 ls
1295 837 1351 883 et
1375 837 1502 886 ante
1528 845 1588 886 se
1624 829 1700 894 illi
1734 831 1903 887 fuisse
1957 841 2014 888 et

2133 834 2210 905 ῗὴν
2258 834 2441 905 Χρέλη
2499 834 2977 906 προφασιζόμενος
3035 838 3350 908 ἑταιρείαν,
3385 837 3458 902 ὡς
3505 842 3553 892 ὲν
3598 843 3654 915 τῷ

435 918 732 980 modoesse
763 919 1158 974 amicissimum
1191 920 1576 987 confitebatur,
1607 924 1799 980 timere
1827 933 2010 982 autem

2133 926 2324 991 ιεταξὺ
2350 925 2532 998 χρόνῳ
2570 927 2639 980 τὰ
2673 929 2911 996 μάλιστα
2932 929 3333 984 λυσιτελοῦντα
3363 930 3530 998 ἑαυτῷ
3560 947 3656 984 m-

434 1026 506 1066 ne
545 1011 813 1080 Romani,
844 1012 1174 1082 quibuscum
1197 1013 1402 1068 bellum
1435 1015 1682 1080 haberet,
1722 1017 2014 1074 facultates

2133 1018 2371 1088 ινόμενος.
2413 1018 2504 1073 Ἐν
2533 1010 2578 1085 ᾧ
2611 1018 2668 1071 δὲ
2728 1021 2755 1071 ό
2789 1018 3049 1088 βασιλεὺς
3111 1021 3575 1092 ἐστρατοπέδευεν
3616 1023 3657 1076 ὲν

435 1103 566 1158 Suas
586 1103 643 1158 in
677 1105 812 1160 locis
849 1105 1002 1162 nullo
1030 1120 1260 1175 prorsus
1290 1107 1595 1163 munimine
1634 1111 1767 1164 tutis
1791 1110 2012 1182 disper-

2133 1109 2475 1181 Κωδωνιανῇ,
2506 1109 2734 1180 πέμψας
2795 1112 2931 1182 πρὸς
2973 1113 3225 1183 Χρέ).ην,
3264 1111 3514 1167 ἐκέλευεν
3539 1115 3658 1179 ἣκειν

437 1210 528 1250 sas
573 1195 855 1267 diripiant.
899 1197 1074 1254 Urbes
1116 1198 1292 1276 enim,
1329 1199 1532 1270 quibus
1563 1201 1746 1257 adhuc
1775 1203 2012 1274 principi

2133 1201 2256 1272 πρὸς
2278 1201 2444 1256 αὐτὸν
2473 1202 2616 1255 κατὰ
2639 1202 2699 1256 τὸ
2720 1201 2972 1274 σύνθημα
2995 1204 3256 1258 ἐλθόντα.
3294 1203 3358 1258 ’0
3375 1204 3420 1257 δ’
3441 1203 3660 1276 ὡμολόγει

436 1287 811 1344 Triballorum
857 1304 1057 1360 parens
1085 1269 1428 1360 imperasset,
1465 1293 1754 1349 demortuo
1775 1269 2016 1365 impera-

2133 1269 2386 1361 πρότερόν
2412 1307 2473 1344 τε
2499 1292 2593 1346 καὶ
2626 1292 2720 1345 νῦν
2752 1294 2850 1364 οὐχ
2874 1269 3110 1364 -.ἥκιστα
3161 1289 3372 1357 εὔνους
3406 1269 3537 1348 εἶναι
3560 1269 3662 1364 sit;

437 1379 568 1444 tori,
623 1380 774 1450 quod
821 1382 1026 1450 optime
1065 1393 1272 1446 nosset,
1315 1382 1699 1452 transdidi'sse,
1751 1396 1806 1442 et
1838 1387 2015 1441 fortu-

2133 1382 2316 1437 ιύτόν·
2373 1383 2673 1438 δεδοικέναι
2693 1377 2762 1438 ’δὲ
2810 1385 3121 1456 Ῥωμαίους
3174 1387 3314 1449 τοὺς
3372 1385 3513 1455 αὐτῷ
3539 1386 3664 1439 πολε·

439 1486 542 1525 nas
587 1487 714 1526 suas
767 1473 822 1526 in
875 1474 1192 1528 suburbano
1231 1475 1481 1532 Melenici
1528 1477 1760 1532 habere.
1807 1478 2010 1545 Quare,

2133 1474 2382 1540 αοῦντας,
2453 1473 2528 1545 μὴ
2597 1476 2946 1546 διαρπάσωσι
3017 1477 3086 1532 τὰ
3143 1477 3290 1531 ὄντα
3362 1479 3420 1531 έν
3483 1478 3664 1547 χωρίοις

437 1564 546 1618 nisi
602 1563 927 1619 Meicnicum
973 1567 1086 1633 ipse
1130 1567 1430 1638 subegerit,
1479 1571 1745 1624 accedere
1787 1569 1851 1624 ad
1885 1586 2010 1625 eum

2133 1566 2451 1637 ὶτειχίστοις
2506 1568 2965 1648 διεσκεδασμένα.
3023 1571 3141 1633 Τὰς
3215 1569 3334 1641 γὰρ
3403 1569 3573 1631 πόλεις
3611 1563 3666 1624 ἔην

437 1669 548 1708 ιιοη
594 1669 752 1724 posse
791 1673 804 1709 :
843 1649 923 1710 sic
974 1656 1120 1711 enim
1150 1666 1205 1712 et
1235 1672 1292 1712 se
1316 1659 1584 1714 conlisum
1621 1659 1689 1713 de
1721 1660 1836 1714 suis
1874 1659 2013 1714 nihil

2133 1653 2257 1730 ἦρχε
2311 1659 2579 1731 πρότερον
2607 1661 2714 1714 ὑπὸ
2741 1661 2821 1731 τῷ
2873 1662 3203 1732 Τριϐαλλῶν
3259 1661 3486 1734 ἄρχοντι
3531 1664 3664 1716 τελῶν

441 1744 795 1810 amissurum,
847 1747 1104 1832 alacriter
1135 1763 1283 1803 arma
1309 1749 1651 1828 juncturum.
1694 1751 2016 1820 imperatori

2133 1749 2565 1818 παραδεδωκέναι
2621 1751 2852 1822 βασιλεῖ,
2889 1753 2966 1817 ὡς
3023 1754 3124 1809 καὶ
3191 1755 3370 1817 αὐτὸς
3401 1754 3505 1807 τῶν
3529 1753 3667 1807 ἄλλων

441 1835 590 1892 illico
638 1839 751 1893 visa
781 1841 966 1894 omnia
989 1840 1438 1911 impeditissima.
1483 1843 1616 1898 Nam
1649 1853 1706 1899 et
1734 1860 1800 1902 ex
1835 1846 2017 1902 Mace-

2133 1843 2326 1914 μᾶλλον
2355 1843 2601 1900 σύνοιδεν
2623 1862 2638 1876 ·
2669 1844 2835 1908 αὐτὸς
2864 1845 2920 1899 δὲ
2971 1846 3308 1916 τὴνούσίαν
3340 1847 3399 1902 έν
3425 1847 3500 1918 τῷ
3528 1847 3664 1901 Μελε-

442 1930 608 1986 donia
638 1934 838 1988 reverti
874 1934 1015 1988 haud
1051 1935 1156 1989 sibi
1186 1926 1470 2003 decorum,
1503 1947 1558 1992 et
1583 1953 1811 2010 pergere
1846 1954 2015 2008 porro

2133 1937 2270 1988 ιίκου
2337 1937 2653 2008 προαστείῳ
2713 1940 2899 1991 πᾶσαν
2961 1938 3134 2008 ἔχειν.
3190 1938 3280 1992 Δι’
3334 1939 3372 1993 ἃ
3431 1940 3488 1992 οὐ
3541 1938 3665 1991 seu.

443 2021 499 2076 in
557 2025 924 2091 occidentem,
951 2027 1164 2082 Cbrelae
1202 2043 1264 2083 ac
1301 2031 1716 2099 protostratoris
1755 2030 2020 2086 societate

2133 2027 2251 2080 σθαι
2276 2029 2435 2098 ἥκειν
2488 2028 2649 2100 πρδς“
2684 2029 2869 2092 αὐτὸν,
2903 2031 2954 2082 εί
2987 2030 3064 2101 μὴ
3094 2031 3420 2085 Μελένικον
3447 2030 3664 2099 πρότεροι

442 2114 788 2184 destitutum,
828 2134 1020 2188 parum
1054 2119 1377 2189 frugiferum
1405 2123 1698 2177 sentiebat.
1730 2122 1892 2196 473
1925 2123 2020 2179 Li-

2133 2121 2542 2192 ύποποιήσαιτο.
2577 2121 2736 2175 Οὕτω
2759 2121 2867 2192 γὰρ
2895 2124 2989 2177 καὶ
3012 2123 3179 2176 αὐτὸν
3231 2123 3573 2194 θαρσήσαντα
3593 2121 3666 2190 ..ὡς

441 2205 564 2261 buit
594 2206 761 2277 igitur
783 2208 1040 2278 experiri,
1071 2225 1202 2266 num
1228 2209 1553 2266 Melenicum
1582 2211 1649 2267 ad
1681 2213 2020 2269 deditionem

2133 2213 2276 2267 οὐδὲν
2334 2214 2444 2267 τῶν
2501 2213 2672 2269 ὄντων
2725 2216 2939 2282 ἀπολεῖ,
2993 2216 3339 2286 συνέψεσθαι
3395 2213 3661 2284 προθύμως.

443 2296 804 2352 voluntariam
829 2308 1016 2370 posset
1036 2299 1352 2368 adducere;
1385 2317 1548 2372 quam
1577 2304 1748 2358 armis
1795 2316 1909 2358 tum
1945 2303 2018 2360 ob

2133 2307 2344 2359 Βασιλεῖ
2369 2308 2466 2377 μὲν
2483 2302 2576 2362 οὖν
2592 2307 2756 2369 εὐθὺς
2779 2308 3152 2363 ὲδόκειπάντα
3177 2311 3390 2378 ἄπορα·
3417 2307 3474 2360 τό
3498 2323 3549 2359 τε
3584 2305 3664 2373 γὰρ

441 2386 548 2442 loci
567 2388 758 2453 situm,
797 2400 905 2444 tum
921 2391 992 2445 ob
1018 2393 1382 2447 munitionem
1404 2395 1801 2450 validissimam
1825 2411 2021 2468 cogere

2133 2398 2487 2468 ἀναστρέφειν
2521 2401 2587 2454 ἑκ
2620 2401 2987 2466 Μακεδονίας,
3017 2401 3081 2455 οὐ
3110 2401 3258 2471 πρὸς
3304 2398 3467 2455 αὐτοῦ
3490 2396 3664 2452 ἔσεσθαι

443 2481 731 2548 nequibat.
756 2481 946 2552 itaque
970 2484 1331 2541 clandestinis
1356 2487 1716 2543 internuntiis
1735 2504 1860 2543 cum
1885 2489 2022 2543 ami-

2133 2491 2367 2562 ἐνόμιζε,
2388 2495 2481 2546 καὶ
2500 2493 2560 2546 τὸ
2584 2496 2834 2565 προϊέναι
2856 2495 2991 2565 πρὸς
3007 2496 3256 2566 ἑσπέραν
3273 2495 3378 2564 τὴν
3393 2493 3582 2562 Χρέλη,
3597 2491 3666 2542 καὶ

441 2570 544 2637 cis,
583 2587 723 2640 quos
760 2572 832 2634 ibi
874 2574 1136 2639 habebat”,
1176 2577 1244 2631 de
1275 2578 1588 2646 proditione
1619 2579 1750 2650 agit.
1778 2581 1848 2634 At
1876 2580 2022 2635 Phe-

2133 2586 2610 2656 πρωτοστράτορος
2629 2586 2998 2640 καταλιπόντα
3018 2587 3355 2657 συμμαχίαν
3371 2584 3467 2637 οὐκ
3485 2580 3660 2650 ἀγαθόν.

443 2662 520 2716 ris
549 2663 746 2732 Syrges
781 2675 837 2721 et
880 2669 1340 2739 metropolitanus
1375 2671 1547 2737 urbis,
1583 2673 1678 2743 qui
1737 2673 1933 2744 aequali
1963 2673 2020 2728 in

2136 2677 2343 2731 Ἐδόκει
2388 2677 2446 2730 δὲ
2491 2677 2693 2746 μᾶλλον
2724 2677 3032 2731 Μελενίκου
3064 2676 3386 2747 ἀποπειρᾷν
3415 2675 3460 2726 εί
3489 2672 3663 2726 δύναιτο

439 2755 834 2825 imperatorem
884 2759 1131 2817 fervebat
1168 2763 1318 2830 odio,
1342 2773 1398 2819 et
1429 2763 1820 2822 Monomacbus
1852 2766 2025 2822 Thes-

2133 2771 2499 2841 προσάγεσθαι
2524 2770 2808 2841 ὁμολογίᾳ.
2837 2770 3065 2834 Ὅπλοις
3099 2769 3210 2838 γὰρ
3249 2765 3547 2838 βιάζεσθαι,
3571 2761 3665 2816 ἁδύ-

441 2848 592 2902 salia:
621 2858 846 2917 prator,
875 2852 969 2922 qui
1001 2853 1067 2908 ad
1101 2853 1308 2926 Syrgen
1340 2867 1590 2924 venerat,
1619 2857 1686 2912 ad
1711 2857 2018 2914 exercitum

2133 2880 2260 2918 ματα
2293 2857 2382 2932 ἦν,
2416 2861 2480 2915 ἔκ
2515 2879 2575 2915 τε
2613 2861 2819 2925 θέσεως
2860 2861 2953 2914 τοῦ
2985 2863 3181 2927 τόπου,
3218 2861 3319 2914 καὶ
3365 2853 3662 2922 atauo-2305.;

441 2941 821 3010 exploratores
866 2947 1129 3015 mittunt,
1173 2965 1271 3018 per
1309 2965 1448 3020 quos
1477 2951 1534 3006 et
1562 2964 1800 3022 quantus
1834 2958 2018 3016 esset,

2133 2950 2226 3020 τῆς
2259 2950 2468 3014 πόλεως
2494 2949 2853 3020 ὀχυρωτάτης
2892 2949 3084 3022 οὔσης.
3121 2952 3240 3005 Καὶ
3267 2949 3508 3020 πέμψας.
3536 2943 3665 2998 6:5):-

440 3043 498 3088 et
527 3035 660 3104 quid
702 3039 978 3108 actitaret,
1021 3041 1324 3099 discerent.
1356 3045 1506 3110 Quos
1534 3045 1624 3100 ille
1659 3055 1872 3115 captos,
1909 3047 2020 3099 eir-

2133 3030 2469 3112 γετοᾏιρύφα
2492 3043 2606 3104 τοῖς
2633 3035 2784 3114 οὖσιν
2824 3041 3062 3095 ἐνταῦθα
3093 3040 3278 3110 φίλοις
3307 3040 3434 3110 περὶ
3467 3032 3659 3104 mpedi-

441 3142 568 3182 cum
614 3131 918 3192 exercitum
946 3134 1096 3198 duci,
1131 3145 1189 3192 et
1219 3153 1404 3194 moras
1431 3138 1500 3193 ad
1534 3139 2019 3209 contemplandum

2133 3150 2284 3196 σεως.
2316 3131 2536 3202 Συργὴς
2583 3134 2682 3202 μέν
2709 3150 2792 3187 τοι
2826 3134 2890 3187 ὲκ
2937 3135 3127 3204 Φερῶν
3164 3134 3288 3204 ἅμα
3340 3125 3659 3202 μητροπολίτῃ

441 3218 559 3275 dari
586 3221 780 3292 jussit;
805 3225 1018 3280 litteras
1045 3227 1274 3297 insuper
1302 3228 1547 3295 tradidit,
1571 3245 1709 3300 quas
1727 3229 2021 3297 iisredde-

2133 3226 2225 3293 τῆς
2256 3225 2426 3296 αὑτῆς
2461 3225 2671 3290 πόλεως
2698 3227 2798 3296 τὴν
2825 3227 2950 3298 ίσην
2979 3225 3284 3296 ἀπέχθειαν
3314 3224 3449 3296 πρὸς
3482 3218 3657 3290 βασιλέα

442 3320 588 3378 rent,
611 3329 845 3382 quorum
877 3319 1046 3371 missu
1066 3328 1357 3374 venerant.
1377 3321 1476 3374 His
1492 3321 1715 3388 litteris,
1740 3337 1902 3392 quam
1922 3321 2024 3392 By-

2133 3318 2584 3390 ὲπιδεικνυμένῳ,
2612 3319 2706 3372 καὶ
2730 3319 3060 3389 Μονομάχῳ,
3091 3317 3170 3389 τῷ
3201 3319 3453 3388 ἐπάρχειν
3475 3311 3564 3384 ἧκε
3581 3309 3660 3377 γὰρ

442 3402 608 3458 zantii
627 3404 794 3474 impie
811 3416 868 3461 et
886 3407 1153 3463 malevole
1168 3423 1352 3463 secum
1366 3419 1516 3464 esset
1531 3418 1735 3475 actum,
1755 3426 2024 3467 enarrans

443 3511 568 3552 sese
592 3498 857 3553 tuebatur
879 3516 894 3554 :
915 3515 1027 3554 non
1045 3500 1341 3570 imperator
1359 3504 1404 3557 is
1425 3501 1615 3558 liberis
1643 3503 2020 3569 insidiantem,

445 3606 550 3646 nec
583 3591 874 3661 imperium
899 3595 1407 3665 concupiscentem,
1438 3597 1533 3652 sed
1576 3597 1904 3652 necessitate
1947 3597 2027 3652 sic

448 3695 680 3755 urgente
700 3695 756 3742 et
779 3702 876 3757 spe
905 3689 1091 3759 potius
1120 3689 1246 3745 belli
1269 3691 1633 3761 componendi
1683 3695 2027 3749 communia-

365 3787 371 3795 '
446 3794 556 3848 que
573 3781 859 3836 commoda
878 3782 1246 3853 ampliﬁcandi
1265 3783 1333 3838 ad
1356 3785 1472 3840 haec
1489 3799 1818 3856 aggressum.
1841 3784 2049 3846 Adde-,

447 3877 542 3926 bat
591 3873 755 3928 etiam
799 3874 1199 3944 juramentnm,
1250 3876 1389 3931 nihil
1424 3892 1482 3933 se
1513 3876 1827 3948 decipiendi
1856 3891 2024 3932 causa

447 3964 673 4022 dixisse.
714 3965 877 4022 Lecta
913 3967 1143 4038 epistola
1186 3958 1262 4023 illi
1297 3968 1634 4032 rescribunt,
1664 3984 1774 4024 non
1801 3968 2027 4024 aliunde

448 4058 621 4130 magis
641 4097 657 4122 ,
711 4073 875 4128 quam
929 4058 1076 4114 unde
1117 4059 1164 4114 is
1191 4059 1390 4114 merito
1418 4059 1522 4115 sibi
1558 4059 1896 4115 credendum
1925 4074 2026 4130 pu-

446 4125 564 4220 tet,‘
585 4125 672 4209 ‘ob
711 4125 1088 4225 j'uramentum
1129 4153 1388 4210 videlicet
1432 4170 1491 4210 se
1521 4155 1856 4225 conjectare,
1888 4125 2026 4209 falsa

446 4261 569 4300 esse
591 4261 713 4314 quae
727 4245 948 4301 dixerit.
978 4246 1454 4312 Quemadmodum
1471 4247 1620 4301 enim
1645 4255 1830 4312 antea,
1847 4261 2028 4317 quan-

2049 3272 2095 3332 Ο

2128 3413 2193 3464 ὲκ
2225 3410 2527 3476 Θετταλίας
2561 3412 2816 3475 κάκεῖνος
2855 3411 2992 3481 πρὸς
3039 3410 3230 3476 αὐτὸν,
3287 3410 3578 3478 πέμπουσιν
3601 3403 3658 3461 εἰς

2125 3504 2188 3558 τὸ
2213 3503 2576 3576 στρατόπεδον
2598 3504 3002 3567 κατασκόπους,
3033 3503 3134 3575 τήν
3158 3520 3218 3556 τε
3241 3501 3507 3574 βασιλέως
3533 3510 3658 3564 στρα-

2127 3598 2252 3652 τιὰν
2287 3598 2763 3668 κατασκεψόμενοι
2789 3597 2964 3667 ὁπόση
2998 3598 3109 3668 εἴη,
3140 3599 3237 3651 καὶ
3277 3597 3307 3650 δ
3352 3614 3404 3648 τι
3429 3592 3562 3664 δρῴη
3591 3587 3655 3640 θέο

2128 3689 2316 3753 λοντες
2363 3689 2578 3758 μαθεῖν.
2625 3688 2780 3742 Ἐπεὶ
2810 3689 2866 3743 δὲ
2897 3689 3169 3755 ἑάλωσαν,
3198 3690 3305 3758 τήν
3351 3703 3410 3741 τε
3450 3679 3657 3754 στρατιὰν

2127 3779 2350 3832 ἐκέλευε
2377 3780 2741 3850 περιάγοντας
2766 3778 2908 3833 κατὰ
2933 3778 3128 3850 σχολὴν
3152 3778 3421 3848 παρέχειν
3441 3768 3655 3829 xerunt-

2130 3871 2382 3938 πτεσθαι,
2416 3872 2512 3926 καὶ
2534 3873 2842 3943 γράμματα
2868 3872 3007 3942 πρὸς
3036 3871 3163 3934 τοὺς
3193 3870 3514 3942 πέμψαντας
3535 3859 3656 3930 παΡέ’

2131 3979 2264 4034 χων,
2297 3964 2549 4018 ἐκέλευεν
2581 3965 2969 4036 ἀναστρέφειν,
2999 3965 3058 4017 ἐν
3091 3957 3172 4026 οἷς
3208 3963 3347 4034 περὶ
3378 3961 3478 4015 τῶν
3506 3960 3553 4011 ἐν
3579 3955 3653 4008 Βυ-

2131 4054 2334 4128 ζαντίῳ
2390 4057 2785 4126 γεγενημένων
2831 4055 2908 4119 ὡς
2957 4056 3130 4126 ἀδίκῳ
3188 4060 3288 4108 καὶ
3341 4047 3651 4121 συκοφαντικῇ

2131 4147 2329 4219 γνώμῃ
2384 4148 2662 4219 πραχθείη
2732 4149 2853 4202 κατ’
2915 4149 3085 4202 αὐτοῦ
3143 4149 3364 4216 διεξιὼν
3413 4139 3650 4206 ἀπολογίαν

2129 4243 2370 4295 ἐποιεῖτο
2398 4241 2493 4294 καὶ
2519 4241 2650 4311 περὶ
2678 4239 2899 4304 ἑαυτοῦ,
2933 4241 3008 4302 ῶς
3042 4239 3104 4292 οὗ
3139 4238 3413 4308 βασιλέως
3439 4236 3538 4295 τοῖς
3560 4245 3652 4282 πει⁸

447 4338 520 4393 do
573 4339 824 4393 in‘veste
872 4338 1084 4408 privata
1117 4339 1417 4392 Romanam
1455 4353 1571 4391 rem
1603 4337 2026 4403 administrarit,

2133 4333 2218 4387 σὶν
2247 4332 2636 4398 ἐπιϐουλεύων,
2674 4332 2794 4386 οὐδὲ
2823 4331 3104 4403 βασιλείας
3132 4333 3276 4400 ἐρῶν
3307 4329 3543 4386 τοιούτοις
3565 4322 3651 4372 ἑπι-

443 4428 774 4498 juramentis
824 4426 889 4480 ad
945 4426 1374 4481 asseverandum
1415 4441 1526 4480 non
1575 4426 1894 4496 indiguerit,
1929 4427 2023 4484 sed

2133 4423 2364 4495 κειροίη,
2399 4423 2514 4476 ἀλλ’
2556 4424 2777 4494 ἀνάγκῃ
2827 4421 3140 4486 συνελαθεὶς
3183 4423 3364 4476 ἐλπίδι
3411 4417 3497 4472 τοῦ
3521 4428 3649 4468 κατα-

449 4527 664 4573 tantum
713 4517 901 4573 dicere
935 4517 1238 4583 suffecerit,
1280 4527 1335 4573 et
1379 4519 1501 4588 ejus
1529 4519 1676 4575 dicta
1705 4520 1856 4575 omni
1897 4536 2026 4590 pro-

2133 4516 2280 4570 λύειν
2313 4517 2513 4587 μᾶλλον
2541 4518 2635 4571 τὸν
2657 4515 2914 4585 πόλεμον,
2943 4517 3036 4569 καὶ
3059 4516 3128 4570 τὰ
3155 4513 3521 4570 λυσιτελοῦντα
3549 4507 3646 4560 πᾶσι

448 4611 672 4666 batione
730 4609 972 4686 firmiora
1026 4611 1270 4676 fuerint,
1319 4613 1469 4682 quod
1518 4627 1628 4667 non
1673 4613 1840 4668 modo
1884 4615 2025 4686 ipsi,

2138 4612 2291 4681 κοινῇ
2336 4611 2534 4664 ποιεῖν.
2571 4607 2896 4680 Προσετίθει
2927 4625 2988 4660 τε
3035 4611 3131 4662 καὶ
3164 4611 3364 4680 ὅρκους
3406 4609 3506 4666 τοῖς
3530 4602 3644 4665 λεγο-

451 4703 549 4759 sed
590 4711 646 4759 et
681 4705 774 4774 qui
802 4685 961 4775 longe
994 4713 1147 4759 extra
1180 4704 1372 4759 urbem
1406 4703 1710 4760 Romanam
1752 4706 2028 4772 incolunt,

2139 4702 2347 4773 μένοις,
2375 4701 2450 4764 ὡς
2482 4701 2638 4756 οὐδὲν
2661 4703 2748 4772 εἴη
2780 4703 2917 4773 πρὸς
2943 4701 3162 4770 ἀπάτην
3192 4700 3494 4772 ειρημένον.
3519 4693 3566 4747 0i
3588 4688 3640 4748 δὲ,

2136 4791 2261 4845 ἐπεὶ
2290 4792 2360 4846 τὰ
2383 4791 2694 4864 γράμματα
2723 4792 2989 4860 ἀνέγνων,
3025 4790 3370 4860 ἀντέγραφον
3403 4785 3487 4840 καὶ
3511 4776 3642 4835 αὐτοὶ.

2135 4883 2212 4947 ὡς
2239 4884 2342 4937 οὐκ
2371 4883 2593 4938 ἄλλοθέν
2618 4882 2784 4936 ποθεν
2835 4882 3054 4953 μᾶλλον,
3095 4882 3128 4952 ἦ
3164 4878 3225 4946 ἐξ
3258 4875 3332 4935 ὧν
3363 4877 3506 4937 αὐτὸς
3544 4871 3641 4922 ίεται

2137 4971 2278 5040 εῖναι
2324 4975 2534 5040 δίκαιος
2561 4976 2912 5029 πιστεύεσθαι
2943 4974 3053 5029 τῶν
3089 4975 3271 5045 ὅρκων
3303 4971 3453 5040 δῆθεν
3493 4959 3639 5018 αὐτοὺς

2137 5067 2666 5139 καταστοχάζεσθαι,
2689 5065 2766 5130 ὡς
2789 5049 2890 5120 οίῖκ
2925 5067 2990 5121 ἂν
3012 5067 3098 5136 είη
3125 5066 3192 5118 τὰ
3214 5061 3468 5134 εἰρημένα
3489 5049 3635 5121 ἀληθῆ·

2138 5162 2200 5215 Εἰ
2230 5161 2340 5233 γὰρ
2370 5159 2558 5230 ὥσπερ
2590 5160 2683 5214 καὶ
2715 5161 2978 5232 πρότερον
3005 5159 3166 5229 ἡνίκα
3193 5155 3458 5238 gamma»;
3485 5145 3636 5238 ἐσθῆτα

2135 5252 2300 5324 ἔχων»
2330 5253 2396 5308 τά
2449 5253 2755 5323 πράγματα
2807 5251 3102 5320 Ῥωμαίοις
3144 5235 3351 5320 διῴκει,
3377 5248 3531 5315 ὅρκων
3568 5235 3637 5288 οὐκ

452 4795 599 4853 baud
646 4797 903 4853 nesciant
951 4813 965 4852 :
1013 4797 1086 4853 ita
1132 4812 1304 4864 nunc,
1331 4796 1376 4853 si
1415 4811 1472 4852 se
1509 4796 1614 4852 [ide
1643 4797 1873 4868 dignum
1898 4815 2032 4855 con-

450 4893 643 4959 scirct,
694 4907 804 4947 non
858 4891 925 4947 ad
965 4892 1299 4963 iuramenta,
1341 4906 1464 4961 qua:
1502 4890 1687 4946 verbis
1717 4893 1835 4964 ejus
1867 4893 2029 4948 fidem

449 4984 738 5053 adderent,
779 4984 1188 5057 confugiturum
1217 4983 1409 5039 fuisse.
1448 4982 1586 5038 Hinc
1613 4999 1834 5054 quoque
1865 4984 2032 5040 intel-

449 5077 569 5148 ligi,
619 5093 686 5133 ex
727 5087 931 5148 quanta
977 5076 1150 5146 gloria
1189 5075 1244 5129 in
1279 5083 1539 5144 quantam
1574 5075 1933 5146 ignominiam
1961 5079 2030 5134 ob

452 5183 615 5222 suum
671 5168 853 5223 scelus
902 5182 1032 5236 erga
1095 5165 1459 5236 imperatores
1513 5165 1805 5223 deciderit.
1857 5168 2032 5224 Hasce

453 5352 830 5406 committunt.
891 5351 971 5405 Ad
1012 5365 1106 5405 eas
1154 5355 1498 5420 respondens
1559 5351 2028 5420 Cantacuzenus,

449 5441 643 5498 mirari
686 5456 746 5496 se
789 5439 951 5508 dixit,
988 5455 1113 5496 cum
1144 5440 1344 5497 docere
1374 5443 1530 5512 prius
1555 5442 1872 5507 debuerint,
1903 5459 2028 5498 vera

455 5548 568 5590 non
592 5546 714 5587 esse
755 5545 876 5601 quae
906 5531 1208 5604 scripserit,
1239 5534 1440 5590 deinde
1471 5534 1536 5588 de
1559 5533 1889 5603 jnramentis
1920 5535 2034 5590 dis-

457 5634 702 5697 putare:
743 5622 826 5678 illi
861 5639 1053 5680 eorum
1086 5627 1223 5682 nihil
1269 5625 1646 5693 confutantes,
1697 5626 1854 5696 quasi
1891 5642 2033 5698 pra!~

461 5719 608 5771 clare
652 5731 876 5788 operam
932 5718 1206 5788 posituri,
1260 5720 1636 5790 juramentum
1699 5719 2029 5788 carpserint.

459 5807 728 5874 Quoniam
754 5817 938 5864 autem
968 5807 1036 5864 de
1058 5805 1183 5864 aliis
1207 5809 1384 5878 loqui,
1416 5808 1623 5878 illaque
1647 5822 1744 5862 seu
1773 5817 2030 5877 tanquam

457 5915 586 5955 vera
630 5901 888 5969 credere,
944 5917 1041 5976 seu
1089 5911 1346 5972 tanquam
1381 5901 1515 5956 falsa
1553 5900 1806 5955 refellere
1838 5900 2034 5956 noluc:

2135 5345 2325 5410 ιδεῖτο,
2358 5345 2418 5399 ιν
2454 5339 2536 5408 οἷς
2575 5343 2950 5414 ίσχυρίζεσθαι
2979 5342 3166 5414 ἐχρῆν,
3199 5341 3318 5397 ἀλλ’
3349 5341 3488 5410 ἡρκει
3516 5328 3633 5400 μόνον

2139 5438 2336 5500 εἰπεῖν,
2374 5437 2469 5490 καὶ
2496 5425 2679 5505 πάσης
2709 5434 3038 5503 ἀποδείξεως
3073 5436 3397 5504 ἰσχυρότερα
3435 5427 3493 5479 τὰ
3527 5422 3635 5518 “ﬂii:

2141 5530 2278 5600 μένα
2305 5525 2466 5595 εἶναι,
2504 5529 2695 5598 ὥσπερ
2741 5529 2802 5581 οὐ
2835 5529 2996 5597 μόνον
3022 5527 3178 5580 αὐτοὶ
3221 5525 3500 5580 συνίσασιν,
3533 5509 3632 5568 am

2137 5619 2233 5673 καὶ
2249 5622 2297 5673 οἱ
2330 5622 2518 5692 πόρρω
2540 5623 2640 5691 τῆς
2676 5618 2963 5688 Ῥωμαίων
2986 5619 3088 5686 γῆς
3118 5601 3630 5694 κατῳκισμένοιῇοὖτω

2138 5711 2232 5764 καὶ
2263 5710 2378 5773 νῦν,
2411 5712 2460 5765 εί
2490 5713 2835 5779 ἀξιοπιστίαν
2867 5710 3014 5781 αὒτῷ
3045 5708 3284 5779 συνῄδει,
3306 5708 3398 5759 οὐκ
3423 5705 3476 5756 ἂν
3497 5699 3627 5767 ὅρκων

2137 5803 2335 5875 ἐδεήθη
2392 5803 2528 5874 πρὸς
2583 5803 2647 5858 τὸ
2684 5802 3034 5858 πιστεύεσθαι
3087 5783 3627 5868 συναιρομένων.”οθεν

2139 5901 2232 5952 καὶ
2263 5896 2367 5968 χρὴ
2401 5896 2635 5968 συνορᾷν
2666 5897 2725 5961 ἐξ
2745 5897 2861 5960 οἵας
2893 5893 3055 5964 δόξης
3083 5894 3163 5954 εἰς
3184 5891 3386 5944 οταΨὲκ
3413 5881 3488 5940 τοῦ
3508 5878 3621 5950 βα³ι⁶
