3880 6570
135 414 242 479 929

137 620 359 692 ἔχοντας
396 619 596 691 εὑρεῖν,
625 619 723 674 κα)⁸
744 618 816 672 τὰ
859 619 1091 689 μέγιστα
1128 616 1457 687 ὠφελεῖσθαι
1505 615 1598 670 ὑπ’
1628 616 1726 670 αύ-

135 712 269 777 τῶν,
311 711 554 782 δυσκόλῳ
593 710 732 786 τύχῃ
763 710 1122 785 χρησάμενοι,
1153 711 1504 782 ἐξελήλανται
1526 726 1540 742 ·
1573 709 1602 764 ὃ
1661 725 1724 762 τε

38 849 44 874 _.
136 803 441 874 δῆμος,καὶ
462 805 510 856 οί
546 803 1050 871 ὲναπολειφθέντες,
1078 802 1172 866 οὓς
1201 802 1509 874 ἠλπίζομεν
1537 803 1571 874 ἦ
1601 817 1724 855 πει-

38 940 46 966 .
139 898 226 951 θοῖ
242 895 638 968 προσάξεσθαι,
664 895 697 967 ἢ
728 897 1014 966 βιάσεσθαι
1042 899 1155 960 τοῖς
1186 897 1394 960 ὅπλοις,
1425 895 1514 950 διά
1535 913 1597 948 τε
1625 897 1724 958 τὰς

137 989 397 1059 ἁρπαγὰς
415 991 548 1060 ἡμῖν
571 991 636 1042 ἐκ
671 987 1123 1059 πεπολεμωμένοι
1169 989 1265 1043 καὶ
1297 989 1629 1061 θαρροῦντες
1655 991 1721 1060 τῇ

136 1082 206 1134 ὲκ
244 1077 537 1145 Βυζαντίου
568 1081 818 1151 στρατιᾷ,
851 1080 911 1134 ού
941 1081 1436 1151 προσχωρήσουσιν
1459 1082 1616 1151 ἡμῖν.
1657 1080 1720 1134 El

137 1173 254 1244 γάρ
280 1172 528 1243 ἔμελλον,
579 1173 680 1225 οὐκ
739 1173 808 1226 ἂν
849 1171 943 1225 ἐπὶ
989 1175 1091 1244 τῆς
1121 1172 1299 1243 πύλης
1322 1173 1503 1227 αύτών
1535 1172 1724 1242 σχεδὸν

135 1263 710 1333 ἐστρατοπεδευμένου
773 1263 1045 1335 ἡσύχαζον
1083 1263 1290 1338 ἀύτοί·
1353 1264 1535 1336 ἀλλ’ἢ
1583 1282 1723 1335 πρε-

40 1411 42 1414 ,
138 1354 332 1409 σϐείαν
359 1353 679 1424 ποιούμενοι
713 1357 890 1425 κοινῇ,
922 1355 957 1426 ἢ
997 1356 1104 1427 ἰδίᾳ
1135 1356 1322 1426 κρύφα
1364 1356 1507 1420 τινὲς
1541 1356 1722 1410 αὐτῶν

133 1445 529 1515 διαλεγόμενοι,
576 1446 834 1517 παρῆσαν
873 1448 962 1502 ἀν.
1016 1447 1090 1500 Τὸ
1125 1448 1181 1502 δὲ
1213 1449 1422 1520 μηδένα
1457 1449 1718 1516 ἐξελθεῖν,

134 1535 443 1606 τεκμήριον
479 1535 574 1588 τοῦ
617 1552 678 1589 τε
706 1535 834 1600 τοὺς
870 1536 1101 1602 πολλοὺς
1130 1539 1430 1608 ἐγνωκέναι
1462 1539 1722 1610 πολεμεῖν

135 1628 301 1698 ἡμῖν,
339 1628 434 1682 καὶ
465 1628 558 1681 τοῦ
587 1629 641 1682 ετ
670 1645 814 1690 τινες
841 1629 936 1684 καὶ
968 1627 1078 1686 εἷεν
1108 1633 1375 1704 ᾑρημένοι
1419 1632 1489 1688 τά
1516 1633 1722 1704 ἡμέτε-

135 1735 240 1787 ρα,
274 1717 381 1770 δέει
409 1717 503 1771 τοῦ
563 1718 638 1790 μὴ
692 1720 878 1782 κακῶς
929 1719 1124 1774 παθεῖν
1177 1722 1559 1796 συμφέρεσθαι
1604 1726 1722 1787 τοῖς

134 1807 344 1872 ἄλλοις.
386 1808 550 1861 Ὅθεν
573 1809 695 1864 οὐδὲ
719 1809 948 1864 ἐλπίδων
978 1812 1258 1885 ἀνονήτων
1291 1814 1455 1868 ἕνεκα
1483 1813 1722 1870 ἐνταῦθα

133 1897 322 1968 οἴομαι
354 1900 693 1970 παραμένειν
737 1901 870 1955 δεῖν.
903 1903 978 1956 Ού
1027 1904 1136 1974 μὴν
1163 1905 1335 1960 διὰτὸ
1378 1907 1482 1977 τῆς
1512 1907 1721 1972 πόλεως

133 1985 632 2056 ἀποτετυχηκέναι,
663 1987 758 2040 καὶ
791 1988 929 2060 πρὸς
955 1990 1023 2044 τὰ
1069 1991 1326 2048 λείποντα
1365 1993 1574 2049 δίκαιον
1623 1996 1720 2052 τοῦ

133 2075 380 2144 πολέμου
422 2079 836 2148 μαλακίζεσθαι.
873 2079 1009 2136 om
1043 2083 1152 2154 γάρ
1199 2085 1322 2139 οὐδὲ
1375 2085 1513 2158 πρὸς
1542 2087 1720 2142 πάντα

130 2171 514 2241 εύτυχήσομεν
542 2172 647 2226 ἀεί.
687 2173 990 2246 Σωφρόνων
1017 2175 1074 2230 δέ
1114 2179 1265 2232 ἐστιν
1295 2177 1602 2250 ἀνθρώπων
1625 2181 1722 2236 καὶ

133 2262 408 2331 γενναίοις
437 2265 744 2340 χρωμένων
783 2265 1086 2338 λογισμοῖς,
1129 2270 1270 2339 μήτε
1305 2269 1364 2322 ὲν
1393 2272 1513 2334 ταῖς
1559 2271 1720 2325 εύτυ-

133 2354 285 2426 χίαις
313 2354 408 2409 τοῦ
443 2358 668 2428 μετρίου
717 2357 1006 2428 φαίνεσθαι
1065 2361 1458 2429 ἐκπίπτοντας,
1501 2363 1628 2433 μήτ’
1663 2365 1721 2417 ὲν

132 2447 261 2508 ταῖς
315 2446 692 2517 δυσπραγίαις
734 2449 1107 2504 καταπίπτειν
1173 2452 1621 2523 ἀπαγορεύοντας
1656 2455 1719 2508 τὸ

130 2536 493 2604 ἀνορθοῦσθαι
520 2539 675 2602 αὖθις
697 2555 711 2568 '
744 2540 882 2594 ἀλλὰ
909 2540 1029 2596 δέον
1055 2541 1124 2595 τὰ
1154 2543 1386 2598 ἐνταῦθα
1410 2543 1486 2609 ὡς
1514 2546 1721 2618 προσῆ-

132 2646 236 2682 κον
255 2629 724 2703 διοικησαμένους,
759 2637 960 2705 χωρεῖν
1013 2635 1108 2690 ἐπὶ
1149 2637 1217 2689 τὰ
1246 2637 1434 2708 πρόσω
1483 2649 1719 2710 χρηστοο

129 2722 304 2793 τέρας
328 2725 481 2794 ἡμῖν,
509 2725 600 2778 καὶ
631 2715 705 2788 ώς
743 2726 980 2796 μάλιστα
1032 2728 1298 2794 ἀσφαλεῖς
1351 2730 1718 2800 ὑποφαίνοντα

129 2815 380 2880 ἐλπίδας.
409 2817 538 2872 Δέον
557 2816 649 2872 οὖν
687 2818 800 2885 ἐγὼ
823 2820 1031 2889 νομίζω
1059 2824 1126 2893 τῇ
1171 2822 1253 2886 είς
1305 2823 1405 2893 τὴν
1436 2820 1716 2880 Ῥεντίναν

129 2907 602 2982 καταλελειγμένῃ
623 2912 841 2983 φρουρᾷ
860 2911 1089 2981 δύναμιν
1106 2912 1446 2981 προσθέντας
1465 2915 1715 2984 μείζονα,

129 3001 216 3062 ὡς
239 3002 594 3073 κατατρέχειν
641 3003 1044 3073 Θεσσαλονίκης
1098 3005 1372 3060 δύναιντο.
1413 3006 1476 3060 Ἦ
1513 3007 1623 3078 γὰρ
1651 3011 1716 3062 ὲκ

129 3092 436 3158 Βυζαντίου
465 3096 717 3164 στρατιά,
746 3132 749 3134 -
775 3097 836 3163 ρύ
870 3096 1050 3168 πολλῷ
1079 3095 1305 3167 ὕστερον
1339 3099 1712 3171 ἀποχωρήσει,

1277 409 1833 476 IIISTORIARUM
1874 409 2109 470 LIBER
2144 409 2264 472 III.

38 559 47 588 ;
138 530 283 585 κέων
323 526 375 580 ol
416 525 487 581 τὰ
529 522 776 597 ἡμέτερα
822 523 1112 597 ᾑρημένοι,
1163 523 1256 588 οὓς
1305 522 1538 596 εδειττὴν
1565 521 1718 576 πόλιν

1829 525 1956 580 tor,
2013 525 2066 572 et
2118 516 2214 586 qui
2267 513 2552 570 nobiseum
2605 513 2818 572 faciunt
2856 515 3402 585 Thessalonicenses,

1747 1875 1794 1933 Β

3291 409 3402 476 930

1827 623 1968 678 quos
1999 609 2290 679 oportebat
2337 625 2437 664 nos
2467 609 2656 664 urbem
2691 620 2940 667 tenentes
2987 613 3236 670 invenire
3258 655 3274 680 ,
3314 630 3410 670 eo-

1826 714 2062 772 rumque
2103 701 2306 771 opibus
2357 700 2411 756 in
2463 702 2656 770 primis
2690 703 2936 774 adjuvari
2967 745 2982 767 ,
3021 705 3219 761 infesta
3275 724 3408 776 qua.

1827 792 1954 847 dant
2035 791 2264 848 fortuna
2336 793 2548 863 expulsi
2607 784 2776 860 sunt;
2835 805 2890 850 et
2943 798 3178 867 populus
3243 809 3408 870 atque

1826 883 1976 940 intus
2009 869 2186 938 relicti
2214 926 2228 949 ,
2261 899 2402 954 quos
2447 894 2542 938 aut
2571 885 2758 941 verbis
2793 885 3022 942 innexos
3046 927 3062 953 ,
3111 899 3205 943 aut
3236 869 3406 945 armis

1825 977 2142 1047 compulsos
2167 978 2235 1032 ad
2268 993 2368 1032 nos
2398 992 2722 1035 accessuros
2760 972 2886 1048 spes
2931 991 3073 1046 erat,
3119 997 3244 1036 cum
3277 998 3407 1052 pro-

1825 1077 1950 1138 pter
1979 1068 2323 1141 direptiones
2360 1078 2550 1126 nostra
2578 1086 2745 1127 causa
2795 1072 3055 1128 toleratas
3101 1074 3264 1130 nobis
3294 1074 3405 1129 itii-

1823 1166 2110 1222 micissimi
2171 1177 2300 1226 sunt
2335 1208 2351 1235 ,
2425 1178 2538 1224 tum
2593 1169 2852 1239 praesidio
2913 1171 3214 1242 Byzantino
3273 1186 3406 1226 con-

1825 1257 1934 1318 fisi.
1963 1273 2022 1314 se
2058 1275 2406 1331 nequaquam
2440 1261 2662 1316 dedent.
2696 1261 2853 1328 Quod
2881 1263 2927 1318 si
2960 1263 3144 1319 facere
3173 1265 3402 1330 vellent,

1830 1363 1918 1404 me
1958 1361 2087 1406 ante
2120 1363 2312 1423 portas
2361 1339 2763 1424 propemodum
2816 1361 3262 1418 castrametante,
3301 1355 3404 1425 ipsi

1822 1455 1932 1495 non
1961 1443 2354 1512 quiescerent,
2433 1444 2533 1499 sed
2584 1454 2680 1500 aut
2709 1444 2894 1500 missis
2930 1445 3129 1516 legatis
3157 1461 3404 1501 commu-

1823 1531 1969 1587 niter
2031 1543 2131 1588 aut
2192 1534 2449 1604 privatim
2486 1535 2706 1590 occulte
2751 1533 2974 1605 quidam
3013 1551 3226 1590 mecum
3260 1553 3402 1606 pra:-

1831 1633 2020 1681 sentes
2068 1637 2318 1698 agerent.
2353 1629 2493 1696 Quia
2523 1643 2655 1685 vero
2695 1629 2882 1684 nullus
2914 1629 3216 1700 egreditur,
3257 1629 3405 1684 indi-

1825 1717 1975 1774 cium
2029 1731 2155 1787 est,
2189 1723 2388 1794 vulgus
2438 1723 2726 1779 decertare
2777 1723 3065 1778 nobiseum
3095 1703 3400 1778 statuisse:

1822 1821 1917 1878 et,
1968 1813 2018 1869 si
2062 1814 2287 1885 quidam
2321 1815 2488 1871 etiam
2543 1817 2695 1880 sint,
2744 1817 2950 1886 quibus
2985 1826 3184 1872 nostra:
3220 1827 3405 1889 partes

1823 1909 2162 1980 probentur,
2213 1927 2312 1968 eos
2360 1921 2510 1969 metu
2565 1913 2870 1970 subeundae
2902 1915 3235 1972 calamitatis
3291 1933 3403 1971 uno

1822 2001 1996 2057 veluti
2031 2001 2199 2060 fluctu
2249 2019 2375 2060 cum
2423 2006 2548 2060 aliis
2595 2005 2777 2076 abripi
2830 2015 2888 2062 et
2955 2007 3184 2064 involvi.
3218 2007 3402 2076 Quare

1824 2107 1951 2148 cum
1984 2110 2124 2150 vana
2155 2112 2252 2166 spe
2270 2096 2368 2152 bic
2394 2097 2730 2154 manendum
2758 2114 2869 2154 non
2896 2109 3054 2171 puto.
3083 2100 3195 2157 Nec
3219 2110 3400 2158 tamen

1830 2187 2096 2256 quoniam
2134 2205 2243 2244 una
2291 2190 2516 2247 civitate
2565 2191 2916 2258 frustramur,
2957 2208 3176 2264 acquum
3219 2204 3301 2250 est
3333 2195 3401 2250 ad

1753 2327 1760 2335 .
1819 2277 2026 2334 bellum
2057 2281 2124 2337 de
2151 2294 2354 2340 caetero
2395 2284 2649 2338 enervari
2669 2293 2832 2355 atque
2863 2286 3182 2343 mollescere
3211 2303 3226 2352 ;
3262 2286 3405 2342 nun-

1821 2386 1986 2442 quam
2033 2371 2202 2446 479
2227 2375 2376 2430 enim
2424 2375 2671 2446 profecto
2715 2393 2812 2448 per
2853 2380 3036 2434 omnia
3099 2381 3290 2436 felices
3337 2395 3403 2436 ac

1819 2462 2088 2520 fortunati
2126 2467 2358 2523 erimus.
2397 2467 2763 2525 Prudentium
2811 2487 2977 2542 porro
3028 2483 3085 2528 et
3125 2473 3405 2529 animoso-

1823 2571 1948 2610 rum
1996 2566 2124 2623 est,
2171 2573 2277 2612 nec
2309 2560 2364 2614 in
2417 2561 2700 2630 prosperis
2750 2563 3076 2620 modestiam
3117 2566 3398 2632 deserere,

1824 2663 1927 2704 nec
1959 2647 2016 2702 in
2051 2649 2295 2705 turbidis
2325 2657 2382 2705 et
2411 2649 2664 2708 adversis
2690 2652 2766 2708 ita
2801 2654 3000 2710 cadere
3031 2665 3091 2710 ut
3119 2671 3179 2712 se
3211 2671 3406 2710 resur;

1820 2750 2072 2796 recturus
2106 2741 2425 2812 desperent.
2474 2742 2582 2798 Sed
2613 2744 2707 2799 ubi
2733 2744 2801 2800 de
2835 2746 2922 2800 his
2947 2749 3402 2806 constituerimus

1819 2835 1971 2906 quod
2001 2850 2143 2906 opus
2170 2846 2288 2902 est,
2323 2837 2596 2900 ulterius.
2643 2838 2734 2893 ubi
2765 2839 2962 2894 melior
2991 2856 3056 2896 ac
3093 2843 3400 2898 certissima

1821 2943 1948 2998 spes
1969 2928 2218 2998 aﬂulget,
2238 2929 2606 2999 procedamus
2627 2942 2866 3001 nportet.
2885 2931 3066 2998 Quare
3088 2934 3400 3004 augendum

1823 3019 2118 3074 Rbentinte
2167 3019 2486 3090 praesidium
2535 3021 2753 3091 opinor,
2791 3037 2900 3090 quo
2934 3039 3122 3094 agrum
3170 3024 3404 3081 Thessa-

1817 3107 2156 3164 lonicensem
2224 3109 2511 3165 incursare
2561 3120 2728 3179 queat
2782 3112 2966 3181 (miles
3013 3113 3160 3166 enim
3200 3113 3406 3185 Bymin-

130 3185 237 3240 καὶ
257 3188 322 3251 ,ἐν
351 3187 804 3261 Γυναικοκάστρῳ
831 3190 1063 3262 δύναμιν
1089 3191 1282 3262 ὁμοίαν
1314 3192 1715 3258 καταλιπόντας

1823 3202 1970 3258 tinus
2019 3217 2127 3257 non
2152 3202 2328 3257 multo
2381 3213 2503 3272 post
2533 3202 2830 3273 discedet),
2886 3213 2943 3260 et
2995 3204 3397 3277 Gynaecocastri

129 3279 242 3348 τῆς
267 3280 433 3362 αὐτῇς
459 3281 642 3346 αίτίας
671 3282 835 3336 ἕνεκα
872 3286 938 3354 τῇ
973 3283 1108 3358 ἄλλῃ
1160 3287 1392 3358 στρατιᾷ
1421 3287 1716 3351 διαὸἀντας

1823 3296 2011 3349 eadem
2043 3296 2112 3350 de
2150 3311 2320 3350 causa
2363 3295 2529 3350 simili
2582 3297 2778 3352 relicto
2807 3313 3061 3362 numero,
3115 3315 3241 3354 cum
3274 3301 3404 3355 reli-

128 3373 337 3437 αὐτοὺς
364 3355 458 3429 τὸν
499 3376 694 3443 Ἀξιὸν,
723 3377 802 3440 είς
831 3355 1104 3450 Βέρῤοιανῗ
1130 3355 1382 3448 γενέσθαι
1409 3382 1505 3434 καὶ
1533 3380 1718 3434 Ἔδεσ-

132 3481 243 3520 σαν
275 3465 344 3518 τὰ
380 3466 624 3538 ἡμέτερα
657 3469 939 3540 ᾑρημένοις
982 3469 1166 3535 πόλεις
1188 3487 1201 3501 °
1237 3471 1460 3525 ἐκείνων
1489 3472 1546 3525 δὲ
1576 3458 1715 3542 κ’ρα-

127 3557 392 3627 τήσασιν,
424 3559 533 3614 οῖτε
563 3561 824 3615 Θεσσαλοὶ
867 3565 1350 3634 προσχωρήσουσιν
1383 3564 1584 3619 αὐτίκα
1622 3565 1716 3618 κοιλ⁸

144 3651 507 3722 ’Δκαρνανία,
555 3654 650 3707 καὶ
681 3653 744 3707 τὸ
798 3655 927 3708 ἄλλο
959 3657 1328 3726 ἠπειρωτικδν
1347 3698 1362 3723 ,
1403 3657 1590 3711 πάλαι
1617 3658 1716 3730 τὴν

132 3742 286 3814 ἐμὴν
323 3743 506 3814 ἄφιξιν
560 3745 1020 3818 προσδεχόμενον.’
1066 3749 1336 3820 Τοιαύτην
1389 3750 1446 3804 δὲ
1475 3753 1710 3821 προσλαο

130 3835 300 3888 δοῦσι
324 3835 572 3906 δύναμιν,
595 3835 770 3900 οὐδεὶς
797 3836 1154 3893 ἀνθίστασθαι
1199 3841 1280 3894 ἔτι
1325 3840 1572 3908 ἀξιώσει,
1601 3842 1716 3896 ἀλλ’

130 3926 169 3997 ἦ
202 3926 421 3991 ἑκόντες
451 3926 551 3998 τῆς
581 3928 760 4000 ἀρχῆς
795 3930 996 3994 πάντες
1035 3932 1530 4003 παραχωρήσουσιν
1556 3934 1714 4004 ἡμῖν,

128 4019 169 4090 ἢ
208 4020 321 4082 τοῖς
367 4019 554 4079 ὅπλοις
600 4020 935 4091 βιασθέντες.
1002 4020 1242 4077 Τοιαῦτα
1285 4025 1530 4087 εἰπόντος
1566 4023 1719 4095 βασι-

128 4111 302 4178 λέως,
337 4113 779 4185 πρωτοστρᾶέεωρ
827 4132 887 4168 τε
927 4117 1046 4188 ἅμα
1081 4117 1194 4180 τοῖς
1234 4115 1501 4182 συνοῦσι,
1541 4119 1636 4170 καὶ
1667 4117 1716 4171 oi

125 4205 247 4260 ἀπὸ
279 4204 574 4270 Βυζαντίου
617 4206 853 4278 μάλιστα
901 4208 1160 4277 φυγάδες,
1209 4209 1266 4264 έν
1301 4207 1462 4278 δεινῷ
1487 4209 1613 4274 τοὺς
1631 4207 1720 4262 λό-

127 4315 270 4368 γους
299 4298 596 4366 ὲποιοῦντο,
620 4301 716 4354 καὶ
739 4301 908 4370 φόϐου
944 4297 1084 4372 ἦσαν
1114 4302 1302 4371 μεστοὶ
1333 4304 1428 4356 καὶ
1452 4302 1715 4372 ἀγωνίας,

127 4392 232 4446 τὸν
258 4389 456 4446 πλάνον
485 4390 562 4455 ώς
592 4391 895 4463 ἀπέραντον
911 4391 1345 4464 λογιζόμενοι,εί
1371 4393 1480 4448 δέοι
1514 4395 1713 4466 ’Δκαρο

127 4485 330 4540 νανίαν
359 4485 457 4538 καὶ
507 4484 776 4553 Ἤπειρον
837 4487 1136 4555 περιϊέναι,
1173 4489 1287 4550 τοῖς
1319 4488 1383 4540 ἐκ
1412 4485 1512 4556 τῆς
1551 4502 1718 4554 στρα-

1816 3400 1926 3454 quo
1981 3385 2197 3454 agmine
2230 3385 2366 3440 Axio
2415 3387 2644 3457 trajectu
2700 3402 2894 3442 versus
2951 3387 3269 3445 Berrliteam
3341 3403 3398 3446 et

1825 3477 2091 3532 Edessam
2149 3479 2319 3534 urbes
2370 3478 2579 3532 amicas
2628 3480 3094 3550 progrediendum
3136 3499 3151 3536 :
3198 3484 3400 3550 quibus

1815 3571 2080 3639 acceptis,
2111 3579 2356 3626 actutum
2392 3569 2659 3635 Thessali,
2689 3571 3004 3627 Acarnanes
3066 3583 3122 3628 et
3199 3587 3397 3630 caetera

1834 3662 2164 3725 continens,
2199 3676 2227 3716 a
2269 3677 2375 3731 qua
2433 3661 2646 3731 pridem
2699 3672 3024 3732 exspector,
3077 3664 3144 3718 ad
3192 3681 3292 3720 nos
3339 3683 3398 3722 se

1829 3751 2192 3806 transferent.
2229 3751 2347 3806 Tali
2397 3753 2639 3822 potentia
2679 3755 3016 3809 contirmatis
3040 3792 3056 3818 ,
3087 3771 3248 3810 nemo
3278 3773 3396 3812 am-

1823 3843 1972 3913 plius
2018 3843 2281 3898 resistere
2335 3843 2636 3913 postulabit
2677 3859 2695 3899 :
2753 3844 2849 3899 sed
2901 3845 2987 3900 vel
3028 3855 3262 3916 sponte,
3311 3851 3398 3905 vel

1823 3933 1996 3988 armis
2047 3933 2229 3989 adacti
2259 3973 2274 3994 .
2325 3949 2517 3990 omnes
2551 3934 2787 4002 imperio
2820 3936 2982 3991 nobis
3023 3938 3240 3996 cedent.
3273 3941 3403 3998 lla-c

1834 4025 1930 4080 ubi
1979 4025 2285 4095 imperator
2331 4026 2634 4096 disseruit,
2681 4038 3044 4096 protostrator
3090 4046 3216 4086 cum
3256 4035 3398 4102 suis,

1827 4118 2217 4189 pra-cipueque
2265 4113 2529 4190 Byzantio
2595 4119 2807 4190 profugi
2852 4121 2906 4175 in
2968 4120 3399 4194 indignationem

1821 4211 1986 4276 verti,
2018 4210 2327 4281 timoreque
2361 4219 2415 4265 et
2443 4224 2649 4282 angore
2675 4213 2939 4281 compleri
2963 4252 2977 4278 ,
3011 4213 3081 4269 ob
3117 4214 3397 4272 infinitam

1823 4297 2161 4353 errationem
2190 4297 2422 4365 scilicet,
2456 4297 2502 4353 si
2539 4297 2903 4357 Acarnaniam
2931 4311 2989 4374 et
3019 4311 3398 4376 continentem

1820 4391 2162 4460 circumire,
2221 4401 2278 4448 et
2340 4393 2710 4464 expeditionis
2760 4406 2868 4452 tam
2920 4396 3096 4470 longae
3145 4402 3401 4459 miserias

1823 4493 1988 4554 atque
2019 4499 2296 4540 aerumnas
2320 4487 2535 4556 perpeti
2584 4497 2810 4545 necesse
2856 4490 3160 4559 haberent,
3211 4485 3402 4552 dbnie-

125 4575 292 4638 τείας
342 4577 536 4638 κακοῖς
597 4574 1112 4646 ταλαιπωροῦντας,
1146 4576 1255 4630 τῶν
1285 4575 1427 4636 οῐκοι
1474 4575 1712 4647 μάλιστα

1828 4576 1978 4631 ειὶείε
2015 4577 2184 4633 rebus
2235 4587 2524 4648 tantopere
2555 4578 2793 4645 aﬂlictis,
2836 4593 2892 4636 et
2926 4584 3107 4639 celere
3132 4589 3396 4644 auxilium

129 4667 332 4730 κακῶς
385 4667 763 4736 διακειμένων,
825 4669 922 4722 καὶ
974 4669 1200 4740 ταχείας
1235 4669 1334 4740 τῆς
1390 4670 1710 4742 ἐπικουρίας

129 4759 432 4828 δεομένων.
465 4759 720 4830 Φανερώς
757 4759 860 4830 μὲν
901 4755 996 4814 οὖν
1027 4761 1324 4826 ἀντειπεῖν,
1375 4761 1472 4815 καὶ
1518 4762 1616 4832 τὴν
1641 4763 1718 4816 ol-

130 4849 302 4904 κείαν
330 4849 406 4913 ώς
437 4850 620 4922 ἔχουσι
649 4855 781 4924 περὶ
809 4837 888 4906 τέι
925 4854 1191 4924 εἰρημένα
1225 4853 1453 4924 γνώμην
1484 4853 1720 4907 ἐκκαλύ-

127 4944 264 5014 ψαι,
313 4943 582 4997 ἐδεδίεσαν
605 4959 619 4974 ⁸
666 4947 728 4998 τό
749 4961 808 4998 τε
843 4946 974 5016 περϊ
1002 4943 1227 5016 βασιλέα
1256 4945 1518 5007 δυσνοεῖν,
1543 4943 1718 4998 καὶτὸ

132 5035 417 5107 ἡσσῆσθαι
452 5037 735 5110 κατάκρας
761 5039 820 5092 ὲν
845 5039 958 5099 τοῖς
995 5037 1190 5114 δεινοῖς
1226 5036 1302 5101 ώς
1356 5035 1562 5105 φαῦλον
1591 5036 1720 5090 ἑαυ-

126 5129 254 5190 τοῖς
285 5127 636 5198 προστρίσειν
681 5128 782 5182 ούκ
805 5127 1116 5192 ἐθέλοντεςο
1151 5127 1454 5200 προφάσεις
1482 5125 1541 5181 δέ
1567 5141 1719 5190 τινας

132 5219 487 5290 συνείροντες
511 5221 612 5298 οὐκ
657 5220 982 5289 ἀναγκαίας,
1017 5219 1308 5275 διεκώλυον
1336 5219 1435 5290 τὴν
1491 5219 1715 5290 πρᾶξιν.

149 5313 246 5388 ᾯς
274 5311 332 5365 δὲ
365 5314 394 5365 ό
423 5311 674 5382 βασιλεὺς
725 5313 980 5367 ἐπέκειτο
1001 5312 1210 5378 ταύτην
1244 5309 1383 5366 εῖναι
1419 5311 1579 5381 μόνον
1622 5311 1720 5380 φάο

134 5421 314 5468 σκων,
342 5403 418 5467 ὡς
445 5405 505 5458 ιν
529 5405 641 5467 τοῖς
694 5402 935 5475 παροῦσι
957 5403 1407 5472 λυσιτελεστάτην
1451 5403 1682 5476 γνώμην
1701 5421 1716 5436 ·
1743 5414 1746 5419 ’

144 5494 294 5550 Ἀλλ’
321 5496 371 5548 εί
427 5495 527 5566 μιν
563 5495 722 5550 τοῦτό
751 5512 811 5549 σε
839 5495 1084 5567 λέληθεν,
1123 5493 1301 5562 εἶπεν,
1329 5489 1376 5550 ὦ
1416 5495 1662 5568 βασιλεῦ,
1692 5497 1722 5550 ὁ

134 5589 612 5662 πρωτοστράτωρ,
663 5589 742 5652 ὡς
793 5593 1025 5661 στρατιά
1057 5590 1362 5663 Τριῦαλῶν,
1417 5591 1585 5645 πολὺν
1618 5591 1721 5663 ήδη

134 5679 338 5752 χρόνον
387 5682 652 5736 Ἔδεσσαν
704 5682 1072 5753 περικάθηται
1133 5675 1582 5756 πολιορκοῦσα,ᾖ
1640 5683 1721 5736 δεῖ

138 5773 504 5843 χωρήσαντας
542 5774 631 5828 διὰ
662 5775 843 5846 μάχης
875 5774 1248 5847 παρέρχεσθαι
1280 5777 1362 5839 είς
1405 5775 1506 5846 τὴν
1541 5775 1718 5840 πόλιν,

139 5863 310 5931 ἄλλος
337 5865 404 5922 ἀν
434 5867 522 5940 εῐη
553 5866 730 5936 λόγος.
765 5867 826 5922 Et
852 5868 900 5922 δ’
923 5869 1022 5923 οὐκ
1047 5869 1282 5938 ἀγνοεῖς,
1319 5868 1556 5939 μάλιστα
1589 5868 1720 5924 θαυ-

1828 4667 2227 4738 ﬂagitantibus.
2283 4669 2482 4726 Libera
2513 4669 2687 4739 igitur
2735 4675 3158 4740 contradicere,
3204 4689 3259 4734 et
3287 4681 3403 4735 ani-

1826 4758 1977 4815 mum
2027 4776 2189 4814 suum
2224 4761 2502 4831 explicare
2550 4763 2886 4818 verebantur
2926 4782 2940 4819 :
2993 4767 3246 4824 uolentes
3289 4770 3397 4827 sibi

1823 4852 1970 4907 hanc
2028 4853 2300 4909 maculam
2354 4852 2617 4918 inurere,
2667 4855 2822 4924 quasi
2875 4855 3194 4925 imperatori
3258 4863 3400 4918 male

1821 4953 2112 5014 cuperent,
2153 4947 2420 5015 duraeque
2445 4952 2503 4999 et
2531 4944 2776 5000 adversa:
2820 4948 2956 5002 sorti
2984 4949 3203 5018 penitus
3238 4953 3400 5007 cede-

1828 5048 1951 5094 rent
1993 5055 2006 5092 :
2062 5037 2160 5093 sed
2210 5047 2505 5108 praetextus
2537 5039 2804 5110 quosdam
2862 5041 3006 5095 haud
3057 5047 3402 5104 necessarios

1825 5140 2267 5196 coacervantes,
2320 5131 2603 5201 negotium
2660 5131 3056 5200 impediebant.
3110 5133 3401 5195 Perstante

1827 5230 2012 5274 autem
2067 5221 2121 5275 in
2178 5224 2452 5277 sententia
2501 5223 2832 5292 imperature
2884 5223 3252 5296 dicenteque,
3292 5229 3398 5285 hoc

1822 5313 1997 5368 solum
2047 5329 2170 5370 esse
2221 5313 2278 5369 in
2343 5313 2633 5385 praesentia
2684 5314 2976 5369 consilium
3015 5315 3394 5386 utilissimum,

1820 5405 2029 5475 Atqui,
2058 5406 2101 5459 si
2143 5415 2197 5460 te
2249 5405 2354 5462 hoc
2405 5405 2542 5461 latet
2568 5446 2581 5464 .
2623 5405 2802 5476 inquit
2850 5417 3242 5477 protostrator,
3273 5411 3400 5468 Tri-

1804 5497 2002 5552 ballos
2046 5497 2376 5567 jampridem
2433 5497 2500 5552 ad
2544 5497 2802 5553 Edessam
2846 5498 3078 5564 sedere,
3121 5517 3220 5572 per
3253 5519 3394 5574 quos

1821 5598 2078 5646 conserta
2129 5606 2294 5644 manu
2347 5589 2402 5646 in
2450 5590 2715 5662 oppidum
2782 5591 2942 5648 nobis
2991 5595 3392 5665 penetrandum

1821 5689 1928 5746 est,
1971 5680 2111 5734 nihil
2148 5682 2289 5736 dico.
2353 5681 2448 5760 Sin
2478 5690 2661 5738 autem
2696 5697 2805 5737 non
2836 5683 2990 5752 latet,
3019 5687 3192 5742 miror
3228 5688 3398 5743 vehe-

1824 5780 2036 5827 menter
2067 5782 2119 5826 te
2148 5771 2308 5826 talem
2341 5772 2520 5827 virum
2542 5813 2558 5839 ,
2580 5783 2635 5828 et
2669 5783 2879 5829 tantum
2913 5792 3072 5831 usum
3103 5778 3398 5836 ductandis
3480 5826 3504 5842 δ

1823 5863 2161 5923 exercitibus
2204 5863 2460 5937 adeptum
2489 5907 2504 5935 ,
2558 5865 2663 5923 hoc
2711 5865 2862 5923 civili
2913 5867 3057 5925 bello
3119 5885 3228 5926 non
3271 5885 3396 5928 esse
