3880 6600
232 431 335 496 953
363 418 368 423 ’

1390 431 1929 495 HISTORIARUM
1973 433 2200 494 LIBER
2242 435 2354 500 lIl.

3378 438 3487 505 954

232 546 440 616 ἔφασκε
467 545 565 613 τῆς
593 544 673 609 είς
713 544 876 601 αὑτὸν
908 546 1092 617 φιλίας
1148 546 1336 602 ἕνεκα.
1368 546 1444 602 Οὐ
1472 546 1584 618 γάρ
1619 544 1686 601 ἀν
1714 545 1800 617 είη

1908 548 2011 603 bus
2047 549 2162 603 suis
2205 549 2272 604 ad
2327 552 2512 605 hostes
2558 548 2977 607 transeuntibus
3018 549 3271 621 proditus
3297 552 3388 606 sit.
3422 550 3480 606 S’

230 653 284 690 τι
309 634 516 711 βέλτιον
542 636 636 689 καὶ
655 636 1096 706 σωφρονέστερον
1111 635 1422 707 ἀνθρώποις
1452 636 1635 708 ὀρθοῖς
1658 653 1804 707 χρω-

166 770 177 775 -
235 728 417 799 μένοις
432 725 715 797 λογισμοῖς
740 727 845 797 τὴν
872 727 1101 797 βεϐαίαν
1124 728 1220 781 καὶ
1247 726 1420 797 ἀληθῆ
1443 726 1629 796 φιλίαν
1672 728 1806 797 κτή-

234 818 454 873 σασθαι.
491 819 726 873 Ἔπειτα
763 819 820 872 δι
849 821 905 874 ετ
929 836 993 889 γε
1028 817 1277 892 βούλοιτο
1317 819 1413 872 καὶ
1441 818 1662 873 δύναιτο
1708 819 1806 873 καί⁵

235 908 490 980 βοηθείας
557 912 690 981 παρ’
749 910 917 965 αὐτοῦ
992 914 1215 983 τυχεῖν,
1293 910 1424 965 ὥστ’
1486 911 1805 966 ἐπανελθεῖν

233 1003 371 1074 πρὸς
418 1004 518 1071 τὴν
567 1004 795 1060 οἰκείαν.
857 1002 1079 1059 Οίεσθαι
1132 1005 1189 1059 δὲ
1249 1005 1372 1077 μηδ’
1430 1004 1593 1058 αὐτὸν
1623 1005 1806 1072 ἀγοεῖν

231 1097 302 1151 τὰ
349 1094 499 1166 αὐτῷ
548 1092 935 1167 συμϐεϐηκότα
993 1098 1053 1151 ὲν
1108 1099 1265 1151 ἐννέα
1341 1097 1578 1167 μάλιστα
1641 1094 1804 1165 μησὶν

234 1180 335 1260 ἥδη
416 1188 512 1266 τού
558 1191 709 1259 παρὰ
766 1192 1057 1262 Ῥωμαίοις
1121 1192 1361 1260 πολέμου
1414 1195 1798 1261 κεκινημένου,

233 1281 383 1344 ὅπως
435 1297 494 1332 τε
560 1280 857 1353 φθονηθείη
928 1282 1083 1355 παρὰ
1140 1282 1249 1335 τῶν
1294 1283 1585 1353 ὁμοφύλων
1637 1281 1804 1351 μηδὲν

233 1371 563 1442 ὴδικηκὼς,.
603 1371 700 1427 καὶ
737 1372 816 1437 ὡς
877 1374 1133 1444 κινηθείη
1216 1374 1348 1444 παρ’
1392 1394 1397 1401 ·
1434 1373 1660 1428 ἐκείνων
1710 1372 1807 1426 πό-

232 1460 398 1531 λεμος
449 1463 781 1532 ἀκήρυκτος,
834 1464 931 1518 καὶ
974 1467 1041 1519 τά
1072 1466 1364 1520 τελευταῖα
1402 1466 1574 1520 ταῦτα
1605 1466 1693 1535 δὴ,
1729 1465 1806 1528 ὡς

236 1554 528 1626 προδοθείη
547 1557 699 1626 παρὰ
735 1556 845 1609 τῶν
875 1558 1145 1611 συνόντων
1174 1559 1310 1627 πρδς
1338 1558 1465 1620 τοὺς
1509 1557 1800 1626 πολεμίους

235 1647 614 1701 ἀποστάντων.
657 1649 720 1702 Εί
756 1648 812 1703 δι
849 1649 923 1720 μὴ
953 1649 1199 1721 βούλοιτο
1225 1649 1464 1721 βοηθεῖν,
1495 1650 1808 1721 ἀπαγορεύ-

139 1734 149 1745 ’
235 1754 317 1789 ειν
355 1738 627 1808 φανερῶς,
656 1738 789 1794 ὥστ’
840 1741 1009 1795 αὐτὸν
1067 1741 1529 1811 διασκεψάμενον,
1567 1742 1595 1794 ὃ
1653 1759 1704 1794 τι
1738 1740 1805 1795 ἂν

231 1830 417 1901 δοκοίη
457 1831 666 1902 βέλτιον
695 1832 844 1905 αύτῷ
872 1851 933 1887 τε
964 1835 1061 1888 καὶ
1103 1837 1217 1899 τοῖς
1264 1835 1484 1888 συνοῦσι
1516 1834 1801 1904 πράττειν.

233 2011 297 2064 ού
331 2013 442 2083 γάρ
473 2013 778 2082 ἀδυναμίαν
826 2015 993 2069 αὑτοῦ
1029 2017 1397 2086 κατεγνωκὼς
1440 2016 1668 2069 τοιαῦτα
1702 2016 1809 2084 φά-

234 2117 368 2181 ναιο
402 2103 518 2158 ἀλλ’
564 2103 720 2168 εἰδὼς
769 2106 844 2165 ὡς
897 2108 1061 2160 πᾶσιν
1099 2107 1410 2178 ἀνθρώποις
1466 2102 1503 2177 ’ἡ
1553 2092 1659 2177 μὲν
1682 2106 1809 2178 βού-

233 2196 393 2265 λησις
442 2197 642 2268 ὁμοίως
687 2199 775 2251 ἐπ’
825 2196 1045 2270 ἐξουσίᾳ
1101 2194 1301 2263 κεῖται,
1341 2200 1403 2252 τὸ
1446 2198 1707 2252 δύνασθαι
1754 2182 1823 2251 δι’

206 2280 441 2344 οὐκέτι.
485 2291 688 2345 Ἐνίοτε
729 2291 841 2363 γὰρ
871 2292 965 2346 καὶ
1006 2293 1162 2346 αὐτοὶ
1192 2295 1239 2346 oi
1272 2293 1488 2362 μεγάλα
1522 2292 1810 2355 δοκοῦντες

234 2380 496 2436 δύνασθαι
541 2383 644 2434 ὑπό
674 2399 836 2436 τινων
871 2384 1208 2455 κωλυμάτων
1251 2388 1352 2456 τὴν
1387 2385 1482 2440 τοῦ
1545 2386 1808 2452 πράττειν

235 2473 272 2527 ἃ
317 2474 596 2545 βούλονται
649 2475 879 2545 δύναμιν
935 2477 1368 2548 ἀποστεροῦνται
1431 2481 1464 2552 ᾖ
1535 2478 1809 2549 πολεμίων

236 2571 415 2626 ἄλλων
461 2571 848 2641 δυνατωτέρων
893 2571 1279 2638 ἐπικειμένων,
1320 2571 1353 2642 ἢ
1388 2571 1545 2624 αὐτοὶ
1587 2573 1808 2642 ὁμόροις

237 2663 420 2717 ἔθνεσί
473 2680 588 2718 τισι
638 2664 942 2733 μέλλοντες
1002 2663 1457 2734 ἐπιστρατεύειν,
1507 2663 1597 2716 διά
1651 2664 1811 2717 τοῦτο

216 2756 408 2825 ’ᾳάναι
433 2756 516 2822 τὺ,
553 2758 603 2810 εί
646 2756 864 2810 δύναιτο
885 2773 899 2787 ⁸
926 2756 955 2810 ὃ
981 2757 1193 2811 δίκαιον
1224 2757 1391 2808 αὐτὸν
1424 2756 1499 2825 μὴ
1520 2752 1807 2824 θορυϐεῖν,

236 2845 455 2899 πολλῶν
479 2845 735 2899 τοιούτων
761 2847 819 2899 ὲν
849 2845 926 2916 τῷ
962 2845 1061 2916 βίῳ
1089 2844 1520 2915 συμϐαινόντων,
1554 2845 1807 2912 Ἔφασκε

236 2937 297 2992 δὲ
344 2937 572 3006 ὕστερον
612 2937 928 3007 ἐξεπίτηδες
972 2937 1198 2994 τοιαῦτα
1240 2937 1378 3007 πρὸς
1413 2934 1635 3005 Κράλην
1661 2936 1811 3005 είρη-

234 3030 416 3097 κέναι,
445 3029 520 3090 ὡς
554 3030 604 3082 εί
657 3029 735 3100 μὴ
774 3028 1019 3099 βούλοιτο
1070 3028 1308 3099 βοηθεῖν,
1340 3026 1670 3100 προφάσεως
1721 3027 1812 3079 εύ-

237 3117 534 3188 προσώπου
556 3107 723 3189 ’παρά
750 3117 859 3171 τῶν
891 3116 1103 3170 ἐκείνου
1136 3116 1312 3185 λόγων
1350 3114 1635 3184 εὐποροίη,
1668 3113 1810 3169 ὥστε

234 3214 339 3280 τὴν
387 3210 485 3279 μὲν
530 3209 786 3281 βοήθειαν
816 3207 1207 3278 ἀπαγορεύειν,
1254 3206 1454 3277 μηκέτι
1483 3204 1542 3258 δὲ
1582 3204 1679 3259 καὶ
1708 3203 1809 3274 τὴν

234 3303 421 3371 φιλίαν
472 3300 570 3372 τὴν
617 3301 756 3373 πρὸς
806 3300 995 3355 αὐτόν.
1040 3298 1255 3352 Ἐδεδίει
1300 3298 1409 3369 γάρ
1463 3297 1538 3367 μὴ
1577 3295 1806 3349 tumis-

236 3395 447 3468 μωθεέῃ
493 3393 628 3465 πρὸς
661 3392 846 3457 αὐτὸν,
878 3392 927 3444 εἰ
965 3392 1040 3462 μὴ
1089 3389 1335 3461 βούλοιτο
1381 3387 1621 3459 βοηθεῖν,
1654 3388 1810 3458 νομί-

232 3505 338 3551 σας
396 3487 501 3560 ἠδη
547 3485 636 3540 διὰ
690 3484 790 3555 τὴν
836 3482 1143 3553 ἀποτυχίαν
1201 3486 1298 3546 τῆς
1351 3480 1673 3550 ἐπικουρίας
1728 3481 1810 3545 είς

227 3580 404 3650 ὀργὴν
434 3578 724 3646 ἐξάγεσθαι
751 3578 845 3631 καὶ
869 3576 1095 3647 ἔχθραν.
1150 3575 1207 3628 Ὀ
1239 3574 1466 3642 Κράλης
1498 3572 1576 3635 δὲ,
1608 3570 1805 3633 Καλῶς

228 3671 773 3741 ὲποίηοας,εἴρηκεν,
795 3663 840 3723 ὦ
865 3667 1110 3739 βασιλεύ,
1128 3670 1220 3719 τὸν
1243 3666 1402 3733 λόγον
1427 3664 1772 3734 διασαφήσας
1792 3679 1807 3695 ο

229 3768 543 3837 ὑπέθραττε
591 3764 701 3835 γὰρ
744 3765 845 3817 οὐκ
889 3762 1073 3829 ὀλίγον
1123 3760 1219 3813 καὶ
1257 3758 1508 3832 ἐθορύϐει
1554 3757 1656 3824 τὴν
1697 3756 1812 3810 διάά

227 3874 422 3925 νοιαν,
473 3857 548 3920 ὡς
604 3855 819 3925 ἀγνοῶν
882 3854 982 3925 τὴν
1048 3854 1174 3922 ἐμοὶ
1230 3851 1519 3922 παροῦσαν
1577 3849 1810 3918 δύναμιν

229 3951 482 4019 οἰόμενον
524 3947 748 4002 τοιαῦτα
778 3947 984 4014 λέγειςι
1024 3943 1248 4014 Ἐπειδὴ
1295 3942 1351 3995 δὲ
1392 3941 1501 3996 τῶν
1552 3940 1811 3994 τοιούτων

230 4040 553 4109 ἀπήλλαξας
588 4036 871 4101 ὑπονοιῶν,
908 4036 1032 4107 ήδη
1055 4051 1138 4087 σοι
1179 4033 1277 4103 τὴν
1318 4031 1548 4102 γνώμην
1584 4030 1681 4109 καί
1709 4029 1810 4084 αύ-

228 4134 326 4195 τος
367 4134 578 4201 ποιήσω
631 4129 895 4200 φανερὰν,
927 4127 1001 4187 ὼς
1045 4126 1278 4197 δύναμίν
1326 4142 1385 4179 τε
1417 4123 1525 4194 ἔχω
1573 4123 1810 4194 μάλιστα

228 4224 513 4296 ἀρκοῦσαν
545 4222 676 4295 πρὸς
708 4222 832 4284 τοὺς
858 4218 1228 4289 πολεμοῦιιτάς
1277 4236 1379 4279 σοι.
1410 4221 1505 4294 καῖ
1543 4218 1712 4286 ἡδέως
1743 4217 1812 4271 ἂν

231 4318 592 4388 ἐπικιυροίην
637 4317 689 4370 εί
740 4331 800 4382 γε
856 4311 1034 4382 βούλει
1092 4315 1186 4366 καὶ
1232 4312 1415 4375 αὑτός.
1482 4312 1810 4380 Ἀποκρινα-

233 4414 406 4481 μείου
455 4406 512 4459 δὲ
555 4405 649 4459 τοῦ
706 4404 995 4475 βασιλέως,
1041 4402 1115 4465 ὡς
1145 4403 1246 4472 τῆς
1298 4401 1397 4471 μὲν
1428 4399 1609 4470 φιλίας
1650 4400 1812 4452 ἕνεκα

227 4503 331 4556 καὶ
379 4501 476 4568 τῆς
538 4496 851 4568 προθυμίας
903 4495 1002 4565 τῆς
1066 4494 1195 4564 περὶ
1249 4492 1435 4555 αὑτὸν,
1491 4491 1697 4555 πολλὰς
1742 4491 1811 4546 ἂν

1909 638 2160 693 auxiliari
2188 639 2347 705 nolit,
2377 648 2566 715 aperte
2603 649 2840 709 recuset,
2874 650 2936 697 ut
2969 656 3095 698 cum
3133 640 3481 707 deliberarit,

1909 731 2039 802 'quid
2078 731 2184 788 sibi
2232 734 2456 802 suisque
2501 734 2686 804 petius
2730 735 3023 801 conducat,
3075 735 3129 791 id
3170 744 3314 806 agat.
3354 735 3476 790 Non

1909 826 2110 881 debere
2144 840 2311 895 porro
2350 826 2562 888 mirari.
2603 826 2748 895 quod
2788 828 3013 889 dixerit.
3050 827 3095 882 si
3130 829 3301 896 possit
3329 828 3484 881 auxi-

1908 919 2066 984 liari;
2099 918 2260 990 493
2293 935 2402 973 non
2439 919 2585 973 enim
2618 935 2728 989 quo
2774 934 2900 975 eum
2954 919 3348 975 imbecillitatis
3395 936 3485 974 ar-

1913 1023 2126 1085 gueret,
2162 1016 2234 1067 ita
2273 1014 2538 1068 locutum.
2575 1015 2670 1069 sed
2701 1016 2828 1084 quia
2862 1015 3020 1075 sciat.
3052 1014 3311 1069 omnibus
3338 1029 3487 1068 mor-

1906 1105 2114 1157 talibus
2172 1120 2236 1158 ex
2287 1119 2445 1172 inquo
2487 1104 2720 1159 liberum
2767 1119 2887 1159 esse
2947 1105 3124 1167 velle,
3168 1119 3327 1175 posse
3375 1120 3507 1159 non,

1912 1197 2064 1252 item.
2092 1196 2373 1251 Interdum
2402 1197 2547 1251 enim
2593 1195 2759 1251 etiam
2803 1197 2898 1265 qui
2942 1195 3202 1249 videntur
3240 1196 3482 1267 potentia

1910 1291 2198 1355 excellere,
2242 1288 2571 1359 quibusdam
2622 1288 3036 1357 impedimentis
3088 1298 3358 1358 potestate
3404 1287 3488 1342 fa-

1911 1380 2091 1435 ciendi
2125 1396 2248 1450 qua:
2274 1381 2491 1442 volunt,
2527 1379 2939 1444 excluduntur;
2974 1379 3017 1433 si
3046 1388 3141 1432 aut
3171 1378 3361 1433 hostes
3392 1394 3482 1447 po-

1912 1474 2177 1527 tentiores
2216 1481 2472 1542 urgeant,
2521 1481 2616 1526 aut
2640 1471 2927 1540 quosdam
2963 1471 3223 1526 ﬁnitimos
3257 1472 3478 1541 populos

1919 1567 2093 1620 armis
2128 1567 2420 1634 appetituri
2453 1567 2594 1625 sint;
2646 1565 2856 1620 idcirco
2907 1565 3137 1630 dixisse,
3192 1566 3236 1619 si
3293 1564 3480 1634 possit.

1864 1668 1871 1673 ‘
1911 1653 2057 1724 quod
2108 1651 2303 1707 merito
2357 1654 2534 1723 ipsum
2580 1654 2805 1708 turbare
2854 1670 2962 1708 non
2999 1654 3220 1714 debeat,
3260 1652 3479 1723 quandc

1912 1744 2305 1812 hujuscemodi
2337 1746 2505 1798 multa
2542 1744 2908 1798 in-bominum
2946 1747 3057 1798 vita
3095 1760 3195 1799 usu
3245 1738 3481 1799 veniant.

1904 1835 2183 1891 Narrabat
2217 1847 2431 1907 postea,
2481 1836 2746 1891 scientem
2794 1852 2857 1889 ac
2908 1835 3177 1890 volentem
3221 1837 3300 1891 sic
3337 1836 3491 1905 lycu-

53 1943 75 1963 ο
180 1963 188 1970 .
218 1923 329 1992 Μὴ
349 1922 654 1993 θαυμάζειν
682 1924 739 1978 δὲ
765 1925 860 1988 ὡς,
891 1926 1026 1994 εἴγε
1049 1926 1265 1980 δύναιτο
1290 1927 1525 1998 βοηθεῖν,
1553 1927 1762 1997 εἰρήκει
1792 1944 1806 1959 ο

1915 1938 2051 1991 ιιιηι.
2092 1939 2150 1983 ut
2185 1906 2229 1982 si
2265 1928 2523 1997 opitulari
2561 1928 2754 1988 nollet,
2783 1929 3155 1995 suppetiarum
3187 1927 3490 1993 desperan-

1906 2022 2127 2086 darum,
2156 2023 2240 2076 vel
2272 2040 2338 2077 ex
2386 2023 2562 2091 ipsius
2598 2021 2782 2082 verbis
2831 2024 3055 2074 bonrsta
3110 2019 3214 2073 sibi
3259 2013 3490 2073 fac'ultas

1900 2113 2315 2183 suppeditaret,
2347 2128 2453 2165 non
2482 2111 2651 2166 etizm
2679 2110 2933 2165 amicitiae
2961 2128 2974 2163 :
3010 2109 3286 2184 metuebat
3315 2106 3488 2177 siqui-

1910 2205 2060 2268 dem,
2097 2220 2163 2258 ne
2192 2205 2393 2258 hostile
2430 2203 2481 2257 in
2518 2218 2576 2256 sc
2614 2201 2800 2256 odium
2838 2202 3163 2271 susciperet,
3193 2200 3238 2254 si
3265 2198 3490 2268 adiuva-

1913 2312 1969 2351 re
1998 2297 2189 2362 nollet,
2223 2308 2374 2350 ratus
2399 2294 2857 2352 Cautacuzenum
2889 2310 2987 2362 spe
3026 2291 3215 2346 auxilii
3248 2292 3485 2360 lapsum,

1909 2390 2110 2444 iratum
2147 2389 2250 2443 sibi
2290 2398 2347 2444 et
2392 2387 2676 2442 inimicum
2721 2400 2863 2440 esse.
2905 2384 3093 2443 Crales
3122 2389 3297 2453 Ivem,
3341 2382 3487 2437 Bene

1911 2479 2140 2542 Letum,
2194 2478 2396 2547 inquit,
2449 2493 2573 2533 cum
2636 2478 2865 2531 verbum
2939 2487 3090 2530 tuum
3149 2471 3486 2542 exposuisti;

1911 2572 2058 2626 baud
2087 2570 2235 2626 enim
2282 2571 2498 2625 modice
2529 2570 2780 2623 terrebar
2810 2584 2873 2623 ac.
2929 2568 3312 2638 perturbabar,
3359 2578 3487 2620 cum

1898 2664 2280 2723 existimarem
2332 2674 2384 2716 te
2437 2664 2777 2730 ignorantem
2811 2671 3075 2731 quantum
3124 2673 3364 2730 possem.
3408 2658 3488 2711 ita

1909 2755 2080 2825 loqui.
2119 2757 2187 2811 Et
2227 2756 2358 2826 quia
2406 2740 2571 2810 talem
2627 2754 2761 2809 mibi
2798 2755 3171 2823 suspicionem
3209 2751 3486 2815 ademisti,

1908 2864 2012 2919 ego
2042 2865 2188 2903 nunc
2227 2844 2285 2903 te
2321 2848 2566 2904 vicissim
2609 2863 2833 2904 sensum
2881 2862 3063 2901 meum
3110 2861 3219 2900 non
3272 2842 3485 2899 celabo.

1909 2943 2135 2999 Virium
2161 2943 2432 2996 adversus
2467 2941 2656 2997 hostes
2688 2949 2812 2995 tuos
2844 2940 3023 2995 habeo
3056 2939 3185 3007 plus
3213 2938 3371 3004 satis,
3402 2945 3484 2990 le-

1910 3048 2018 3104 que
2040 3033 2092 3088 si
2118 3033 2233 3103 ipse
2266 3034 2371 3097 vis,
2403 3032 2678 3103 adjuvabo
2713 3031 2973 3089 libenter.
3006 3029 3348 3100 Subjieiente
3383 3028 3488 3082 im-

1910 3136 2191 3197 peratore,
2224 3141 2283 3181 se
2320 3125 2579 3180 amicitia:
2612 3133 2671 3179 et
2720 3133 2982 3193 promptae
3025 3121 3322 3201 voluntatis
3354 3132 3488 3187 ergo

1915 3233 2167 3291 magnam
2203 3217 2279 3272 illi
2316 3216 2518 3271 habere
2550 3216 2781 3286 gratiam
2816 3258 2831 3282 ,
2867 3214 3082 3270 nescire
3121 3222 3325 3276 autem,
3357 3208 3488 3280 quid

1918 3310 2193 3377 illudbsibi
2214 3307 2367 3373 Velit,
2393 3307 2470 3361 «si
2493 3307 2610 3378 ipse
2628 3308 2765 3371 vis,»
2789 3305 2974 3362 Crates
3004 3305 3286 3374 prtemium
3307 3304 3486 3359 socie-

1914 3403 2042 3457 tatis
2076 3416 2267 3457 onmes
2309 3382 2681 3455 Romanorum
2726 3399 2907 3457 urbes.
2949 3412 2979 3452 a
3020 3396 3352 3467 Christupuli
3395 3413 3488 3450 us-

1912 3512 2023 3567 que
2053 3496 2106 3548 in
2134 3492 2489 3548 Occidentem
2521 3491 2737 3562 poscit;
2770 3490 2813 3544 si
2850 3489 2955 3545 boc
2991 3489 3218 3544 nimium
3256 3499 3309 3543 et
3341 3490 3491 3542 into-

1911 3587 2145 3643 lerabile
2194 3586 2471 3649 videatur,
2519 3593 2669 3638 certe
2725 3583 2944 3651 quidem
2988 3597 3019 3635 a
3069 3580 3484 3635 Thessalonica.

1910 3678 2029 3732 Non
2062 3676 2208 3730 enim
2243 3675 2533 3746 pecuniam
2588 3682 2695 3727 tam
2744 3672 3005 3742 grandem
3045 3670 3343 3724 in~bellum
3388 3683 3487 3737 pro

1912 3769 2033 3835 ipso
2066 3769 2214 3823 nulla
2261 3780 2357 3835 spe
2405 3764 2547 3819 lucri
2597 3766 2966 3833 impensurus,
3017 3761 3226 3829 totique
3257 3761 3486 3827 imperio

1913 3860 2161 3921 Romano
2210 3873 2337 3913 cum
2382 3856 2704 3912 discrimine
2746 3870 2805 3910 se
2851 3853 3227 3923 apposituros,
3254 3850 3347 3920 qui
3387 3865 3486 3904 nec

1913 3966 2013 4022 pro
2061 3948 2257 4018 seipsis
2298 3963 2537 4018 unquam
2577 3947 2644 4000 ad
2682 3946 2971 4001 Thraciam
3001 3986 3018 4009 ,
3056 3955 3150 3999 aut
3191 3945 3354 4006 ultra,
3393 3957 3486 3995 ar-

1913 4041 2047 4096 mati
2085 4040 2380 4110 procedere
2410 4038 2528 4092 ausi
2562 4037 2787 4093 fuerint.
2824 4037 2889 4092 Et
2922 4036 3181 4091 arbitrari
3214 4034 3483 4102 optimum

1910 4144 2078 4204 atque
2129 4133 2483 4191 utilissimum
2542 4131 2649 4186 hoc
2697 4145 2823 4186 esse
2866 4129 3176 4185 consilium.
3225 4126 3281 4182 Si
3335 4129 3483 4179 enim

1884 4226 2023 4282 .iilis
2064 4225 2311 4288 urbibus,
2351 4238 2586 4293 quarum
2637 4222 2893 4275 dominus
2938 4234 3045 4273 non
3094 4219 3186 4281 sit,
3218 4217 3484 4280 dimissis,

1862 4302 1865 4309 V
1911 4335 2023 4376 non
2051 4317 2157 4372 sibi
2187 4324 2245 4372 et
2273 4315 2544 4380 exercitui
2572 4313 2772 4379 solum,
2804 4310 2897 4367 sed
2926 4322 2980 4366 et
3007 4310 3198 4367 liberis
3229 4323 3487 4378 maguum

1910 4409 2341 4471 emolumentum
2369 4420 2710 4476 comparare,
2747 4412 2805 4459 et
2841 4404 3068 4471 insuper
3100 4399 3487 4457 iul'ensissimis

1888 4500 2167 4556 -bostibus
2191 4498 2311 4553 suis
2334 4496 2591 4567 perditis,
2635 4494 2974 4564 reliquarum
3016 4500 3214 4560 potens
3249 4488 3486 4545 evadere

228 4582 405 4660 εἰδείη
443 4590 694 4662 χάριτας,
736 4586 931 4657 ἀγνοίη
979 4586 1034 4639 δὲ
1085 4586 1221 4656 πρὸς
1274 4586 1301 4638 ὅ
1343 4602 1395 4637 τι
1443 4586 1599 4656 φέρε-ι
1648 4583 1805 4647 τὸ,εί

1910 4599 2096 4661 queat,
2123 4600 2446 4645 contentum
2480 4587 2584 4641 hoc
2613 4600 2735 4640 esse
2766 4584 2986 4646 debere,
3013 4596 3117 4636 nec
3146 4581 3288 4635 ultra
3317 4594 3482 4649 quam

184 4734 197 4753 ε
230 4686 480 4757 βούλοιτο
510 4685 603 4736 καὶ
627 4682 813 4744 αὐτὸς,
869 4678 1063 4750 μισθὸν
1110 4678 1206 4747 τῆς
1254 4675 1573 4748 συμμαχίας
1599 4678 1627 4728 ὁ
1659 4675 1809 4745 Κρά-

227 4782 333 4848 λης
390 4776 488 4841 τὰς
539 4775 648 4828 ἀπὸ
705 4769 1162 4843 Χριστουπόλεως
1217 4769 1355 4839 πρὸς
1405 4769 1505 4836 τὴν
1563 4767 1808 4837 ἑσπέραν

229 4871 452 4932 ἁπάσας
497 4866 682 4928 πόλεις
744 4862 1036 4930 Ῥωμαίοις
1097 4860 1374 4939 ὑπηκόους
1429 4858 1568 4929 ᾔτειο
1624 4857 1673 4910 ει
1748 4856 1807 4919 δὲ

181 5012 185 5016 .
223 4963 393 5017 τοῦτο
418 4959 653 5028 ἐπαχθὲς
676 4956 887 5033 δοκοίη,
918 4954 1017 5018 τὰς
1048 4952 1181 5021 γοῦν
1242 4952 1348 5006 ἀπὸ
1382 4948 1805 5017 Θεσσαλονίκης.

226 5056 308 5135 ῼύ
340 5054 450 5133 γάρ
480 5050 566 5105 ἐπ’
595 5049 773 5103 οὐδενὶ
828 5031 1020 5119 κέρδει
1062 5044 1323 5117 χρήματά
1369 5060 1429 5097 τε
1462 5042 1806 5098 ἀναλώσουσι
1830 5031 1846 5046 ’

227 5147 371 5219 πρὸς
404 5147 495 5199 τὸν
522 5144 757 5212 πόλεμον
786 5142 929 5211 ὑπὲρ
963 5138 1129 5192 αὑτοῦ
1164 5137 1426 5199 τοσαῦτα.
1458 5136 1547 5190 καὶ
1584 5135 1800 5194 διακιν⁹

224 5240 528 5295 δυνεύσωσι
578 5236 715 5308 πρὸς
767 5235 947 5286 πᾶσαν
996 5230 1097 5303 τὴν
1142 5230 1434 5297 Ῥωμαίων
1481 5227 1802 5300 ἡγεμονίαν,

226 5328 313 5397 οἷς
339 5330 447 5384 οὐδ’
485 5328 626 5397 ὑπὲρ
654 5327 805 5396 σφῶν
834 5322 1015 5379 αὐτῶν
1045 5338 1177 5377 ποτε
1221 5321 1532 5390 ἐτόλμησαν
1564 5319 1805 5389 πόλεμον

224 5422 469 5493 ἄρασθαι
495 5418 777 5485 τοσοῦτον,
810 5415 949 5470 ὥστε
975 5414 1110 5486 πρὸς
1136 5412 1388 5483 Θρᾴκην,
1419 5412 1453 5483 ἢ
1485 5411 1806 5482 καὶχπεραι-

223 5516 377 5586 τὲρω
423 5509 736 5582 προελθεῖν.
779 5507 1005 5563 οῖεσθαι
1038 5505 1096 5561 δὲ
1120 5504 1327 5575 ἀριστά
1357 5516 1434 5558 ἰε’
1461 5506 1555 5559 καὶ
1586 5505 1805 5559 λυσιτε-

226 5608 469 5661 λέστατα
520 5586 1087 5678 αὐτῷκβουλιύεσθαιᾏ
1140 5600 1203 5652 Ei
1253 5597 1365 5668 γὰρ
1411 5590 1488 5651 ὧν
1533 5597 1635 5651 οὐκ
1687 5596 1803 5650 ἐστι

228 5698 423 5770 κύριος
458 5696 857 5769 ἀποσχόμενος,
900 5693 999 5764 οὐχ
1056 5692 1238 5763 ἑαυτῷ
1285 5692 1376 5745 καὶ
1423 5693 1536 5755 τοῖς
1581 5688 1805 5757 συνοῦσι

192 5782 199 5789 ’
228 5793 419 5864 μόνον,
445 5789 581 5844 ἀλλὰ
603 5787 701 5844 καὶ
724 5787 885 5847 παισὶ
918 5786 1163 5858 μεγάλην
1188 5785 1447 5856 ἀφέλειαν
1487 5784 1798 5855 πορίσαιτο,

224 5883 329 5942 καὶ
365 5882 595 5955 προσέτι
649 5880 776 5946 τοὺς
823 5878 1266 5957 πολεμιωτάτους
1312 5876 1656 5947 διαφθείρας,
1689 5874 1799 5931 τῶν

1910 4691 2280 4753 opportunum
2307 4687 2415 4743 est,
2444 4688 2500 4732 et
2534 4674 2885 4730 mediocritas
2916 4672 3178 4743 postulat,
3207 4670 3483 4725 laborare.

1911 4774 2101 4836 Ret-te,
2132 4770 2311 4841 inquit
2342 4769 2667 4843 imperator,
2711 4766 2778 4819 de
2816 4766 2969 4819 lucro
2998 4778 3069 4817 ex
3105 4761 3391 4822 societate,
3430 4766 3486 4812 et

1909 4879 2097 4935 Opera,
2129 4872 2186 4918 et
2219 4860 2537 4930 sumptibus
2565 4861 2619 4913 in
2660 4856 2862 4913 bellum
2903 4852 3271 4908 ratiocinaris.
3306 4849 3477 4904 Nemo

1908 4957 2111 5026 quippe
2151 4954 2433 5015 cordatus,
2468 4951 2570 5004 nisi
2616 4949 2769 5019 prius
2806 4945 3155 5025 commodum
3197 4943 3414 5013 aliquod
3452 4958 3484 4995 e

1908 5048 2171 5117 facicpdis
2194 5045 2445 5109 eluxerit,
2485 5057 2591 5096 non
2645 5051 2863 5111 gravate
2885 5037 3165 5109 defatigari
3198 5046 3254 5090 et
3280 5050 3482 5089 atrum-

1907 5157 2009 5199 nas
2034 5138 2249 5210 perpeti
2289 5137 2443 5192 velit.
2482 5134 2565 5189 Tu
2603 5149 2732 5188 vero
2762 5131 2811 5187 si
2847 5130 2983 5186 mibi
3028 5128 3324 5200 gratiﬁcari
3369 5143 3482 5182 non

1907 5237 2014 5298 vis,
2075 5249 2186 5287 non
2239 5229 2440 5300 injuria
2493 5228 2616 5299 opis
2675 5234 2780 5280 tua:
2853 5222 3163 5278 mercedem
3213 5221 3482 5299 postules,

1906 5324 2074 5398 494
2097 5336 2260 5394 quam
2308 5320 2358 5375 si
2406 5319 2555 5382 dem,
2607 5315 2814 5371 nullam
2871 5312 2969 5367 tibi
3018 5312 3199 5367 meriti
3248 5311 3484 5382 gratiam

1908 5413 2174 5468 debuero.
2202 5407 2316 5463 Nec
2335 5406 2483 5461 enim
2511 5406 2602 5475 qui
2631 5408 2860 5473 argento
2881 5399 3170 5471 quidpiam
3202 5401 3271 5455 ab
3295 5401 3482 5470 aliquo
3525 5402 3533 5419 ’

1906 5501 2127 5564 emerit,
2160 5494 2437 5552 venditori
2481 5492 2692 5565 gratias
2720 5492 2855 5560 agit.
2909 5489 3005 5546 Sin
3038 5491 3110 5545 ob
3141 5490 3314 5547 solam
3343 5491 3481 5544 ami-

1907 5591 2119 5654 citiam,
2153 5599 2211 5643 et
2243 5596 2305 5643 ut
2334 5601 2536 5658 uiagno
2565 5583 2804 5655 principi
2844 5582 3136 5654 pulchrum
3166 5591 3274 5649 est,
3303 5584 3480 5638 bono-

1906 5685 1986 5740 ris
2021 5683 2210 5738 studio
2258 5679 2431 5751 gratis
2481 5677 2617 5732 mihi
2668 5675 3036 5747 opitulabere,
3081 5675 3319 5747 primum
3356 5676 3482 5745 qui-

1904 5777 2030 5835 dem
2076 5776 2147 5832 de
2201 5775 2397 5844 teipse,
2447 5781 2508 5826 ut
2561 5772 2740 5839 decet,
2798 5767 3084 5826 merebere
3140 5785 3155 5824 :
3207 5768 3301 5840 qui
3363 5783 3477 5824 non

1882 5881 2171 5945 quastus,
2204 5882 2262 5927 ut
2298 5870 2539 5942 ignobile
2570 5869 2786 5941 vulgus,
2813 5866 2909 5924 sed
2937 5864 3196 5924 amicitia
3215 5865 3476 5936 ctgloria
