3962 6590
265 427 368 492 9.27

1434 423 1979 505 IIISTORIARUM
2017 426 2246 489 LIBER
2283 425 2405 488 Ιῐῐ.

3421 419 3529 484 958

265 538 661 608 ἀπανθρωπίας
715 539 838 610 ἥκει
895 539 988 592 καὶ·
1038 537 1345 608 ὠμότητος,
1414 539 1491 602 ὡς
1560 537 1724 601 αὑτός
1776 553 1836 590 τε

1942 549 2170 604 taceam,
2202 540 2305 594 tale
2330 539 2512 595 scelus
2541 537 2686 608 apud
2721 537 2890 592 Deum
2923 550 3051 592 esse
3081 535 3528 600 otltosissitnum,

265 631 482 685 ἑλέσθαι
511 631 606 686 καὶ
635 633 762 692 τοῖς
784 630 973 694 ἄλλοις
1005 630 1433 698 συμεουλεῦσαι.
1471 636 1606 698 πρὸς
1633 630 1741 700 γὰρ
1769 631 1843 699 τῷ

261 724 382 794 Θεῷ
409 724 667 794 ἐχθίστην
695 718 834 776 εἶναι
881 722 980 792 τὴν
1015 703 1276 793 τοιαύτην
1302 723 1530 792 τόλμαν,
1561 725 1657 776 καὶ
1686 724 1843 793 παρὰ

265 819 432 870 πᾶσιν
500 816 812 888 ἀνθρώποις
890 817 1039 884 σαφῆ
1117 815 1417 885 παρέχεται
1476 815 1674 878 κακίας
1747 814 1843 867 καὶ

267 910 569 980 μοχθηρίας
616 906 896 973 ἀπόδειξιν
957 908 1289 976 ὑπερϐολῆς.
1346 908 1419 960 Τὸ
1476 908 1583 975 γὰρ
1639 907 1734 960 νῦν
1781 923 1842 958 τε

262 1003 392 1055 ὂντα
431 1001 714 1072 Ῥωμαίων
755 1000 1001 1070 βασιλέα,
1033 1002 1127 1058 καὶ
1180 1004 1310 1072 πρὶν
1349 1005 1430 1062 εἰς
1475 1002 1634 1054 τοῦτο
1677 1001 1840 1069 ἥκειν

264 1095 541 1164 σχήματος
572 1094 786 1156 πολλοῖς
818 1093 1081 1170 πρότερον
1103 1092 1317 1161 χρῦνοις
1345 1092 1548 1161 ὁμοίως
1574 1094 1838 1163 ἄρχοντα,

261 1187 356 1237 καὶ
411 1185 563 1253 παρά
618 1182 836 1236 πάντων
894 1185 989 1236 καὶ
1059 1183 1327 1252 Ἑλλήνων
1377 1186 1471 1235 καὶ
1534 1183 1840 1252 Βαρϐάρων

259 1273 627 1344 ἀγαπώμενον
653 1274 748 1327 καὶ
786 1273 1258 1344 περισπούδαστον
1279 1273 1408 1328 ὄντα
1429 1274 1516 1327 διὰ
1546 1273 1646 1343 τὴν
1675 1290 1841 1342 προσ-

261 1365 432 1418 οῦσαν
470 1364 794 1431 ἐπιείκειαν,
864 1366 957 1420 καὶ
997 1363 1236 1425 σύνεσιν,
1280 1365 1374 1417 καὶ
1422 1365 1741 1434 φιλοτιμίαν
1780 1365 1839 1417 ἐν

264 1459 430 1512 πᾶσιν
453 1457 700 1524 ἀγαθοῖς,
743 1455 838 1509 νῦν
869 1457 1078 1527 ἥκοντα
1113 1459 1246 1527 παρ’
1278 1459 1426 1528 ἡμᾶς
1453 1458 1542 1510 διὰ
1577 1445 1841 1528 πῖιαγμά-

259 1567 372 1604 ⁴ιτων
422 1549 745 1620 μεταϐολὴν,
776 1551 916 1620 πρὸς
949 1549 1028 1618 τῷ
1079 1549 1152 1619 μὴ
1196 1550 1521 1620 προστῆναι.
1556 1551 1650 1602 καὶ
1700 1550 1838 1618 ἀνή-

265 1658 435 1696 κεστα
482 1643 771 1707 διαθεῖναι,
803 1644 902 1696 οὐκ
956 1643 1242 1712 ὠμότητος
1294 1646 1385 1696 καὶ
1438 1643 1838 1711 ἀπανθρωπίας

264 1735 446 1803 μόνον,
478 1736 615 1788 ἀλλά
677 1735 771 1787 καὶ
819 1734 1076 1797 ἀσεϐείας
1125 1734 1382 1804 ἔγκλημα
1426 1735 1563 1801 ἡμῖν
1611 1733 1864 1796 δικαίως.

261 1826 547 1897 περιάψαι.
607 1819 682 1880 Ob
732 1826 798 1894 δὴ
861 1826 1046 1893 ἕνεκα,
1103 1827 1214 1879 τῶν
1268 1826 1527 1879 τοιούτων
1583 1826 1721 1896 αὐτή
1774 1843 1834 1878 τε

257 1917 496 1987 ἔγνωκα,
559 1919 654 1973 καὶ
712 1919 842 1988 ὑμῖν
905 1919 1248 1988 ἀποσχέσθαι
1319 1920 1609 1990 παραινῶ·
1669 1919 1731 1972 τὸ
1791 1919 1838 1974 δ’

255 2013 605 2080 ἀποπέμπειν
640 2013 950 2082 ἄπρακτον,
975 2012 1238 2076 ἀϐουλίας
1269 2013 1334 2066 ἄν
1374 2030 1457 2076 τις
1484 2013 1662 2084 τιθείη
1689 2011 1839 2081 λογι-

255 2103 480 2167 ζόμενος
504 2104 714 2174 ὀρθῶςο
745 2106 806 2158 οὐ
837 2106 947 2175 γὰρ
981 2105 1140 2174 μόνον
1175 2107 1400 2172 ἀγνοίας
1431 2106 1560 2177 περὶ
1593 2105 1663 2159 τά
1696 2105 1838 2160 καλά

255 2196 354 2251 καὶ
407 2195 758 2270 ἀφιλοτιμίας
805 2196 1031 2259 δικαίως
1087 2197 1152 2250 ἂν
1203 2198 1466 2268 ἀλοίημεν
1523 2197 1680 2268 παρά
1725 2200 1838 2262 τοῖς

254 2289 464 2357 κρίνειν
492 2289 560 2342 τὰ
589 2288 818 2366 τοιαῦτα
847 2289 1064 2352 δεινοῖς,
1093 2289 1176 2343 ὅτι
1198 2289 1258 2343 ὃν
1298 2292 1610 2359 ἐπεθύμουν
1643 2290 1836 2344 πολλοὶ¹

253 2381 366 2435 τῶν
418 2381 717 2444 δυναστῶν,
765 2383 858 2434 καὶ
913 2380 1084 2434 πο).λά
1135 2383 1621 2452 ὲπραγματεύοντο
1685 2385 1842 2452 φίλον

256 2475 422 2543 ἔχειν.
474 2475 664 2528 τοῦτον
714 2474 931 2543 ἔχοντες
985 2475 1161 2540 αὐτοὶ,
1216 2480 1308 2529 καὶ
1369 2477 1666 2546 δυνάμενοι
1727 2477 1840 2531 τῶν

253 2565 434 2621 ἀλλων
468 2566 668 2636 μᾶλλον
715 2567 815 2637 τὴν
853 2566 988 2639 παρ’
1023 2567 1192 2621 αὑτοῦ
1233 2569 1419 2637 φιλίαν
1465 2569 1838 2640 καρποῦσθαι,

252 2659 473 2721 ἑκόντες
521 2658 674 2720 ὄντες
723 2659 1095 2730 προηκάμεθα
1137 2661 1208 2714 δι’
1256 2661 1566 2730 ἀγροικίαν.
1603 2661 1746 2718 Ἀλλ’
1789 2664 1842 2716 εί

253 2766 389 2803 ποτε
421 2750 664 2820 συμβαίη
693 2753 790 2804 καὶ
827 2752 1115 2822 Ῥωμαίων
1163 2753 1352 2821 ἄρξαι,
1387 2757 1735 2826 μεμνημένος
1761 2755 1840 2820 ὡς

247 2841 511 2913 alioqui;
555 2844 877 2917 ἐπικουρίας
913 2843 1069 2916 τύχοι
1114 2845 1250 2915 παρ’
1307 2847 1488 2915 ἡμῶν,
1530 2847 1668 2899 ἀλλά
1712 2849 1838 2916 τόγε

246 2935 337 2996 εἰς
381 2936 527 3003 ἡμᾶς
557 2929 716 3004 ἧκον,
739 2936 838 2989 καὶ
880 2938 997 2998 τοῖς
1030 2937 1316 3006 πολεμίοις
1355 2939 1794 3008 καταπροδοθείη
1817 2955 1832 2971 ο

244 3023 376 3076 οὐδὲ
406 3024 515 3093 γὰρ
543 3019 709 3096 ἦττον
746 3024 940 3079 τούτου
969 3028 1088 3078 νυνὶ⁸
1115 3027 1176 3078 τὸ
1207 3025 1535 3095 ἀποπέμψαι
1561 3027 1785 3080 adiam;
1819 3043 1834 3060 ο

245 3115 545 3183 ἀμυνεῖται
573 3117 831 3182 δικαίως,
865 3119 964 3172 καὶ
990 3119 1178 3182 κακῶς
1209 3123 1428 3189 ποιήσει
1457 3121 1523 3173 τὰ
1563 3122 1834 3191 ἡμέτερα.

1950 632 2095 702 apud
2130 632 2384 688 homines
2426 646 2651 702 quoque
2683 630 2973 685 universos
3021 639 3236 685 certum
3284 627 3527 684 incredi-

1950 726 2087 782 bilis-
2141 725 2363 780 malitia
2425 733 2484 781 ct
2551 723 2926 794 improbitatis
2972 730 3358 790 argumentum
3416 729 3523 776 est.
3603 758 3605 760 -

1949 818 2168 874 Etenim
2205 833 2331 872 eum
2355 816 2448 886 qui
2489 831 2637 871 nunc
2667 816 3043 870 Romanorum
3085 815 3388 884 imperator
3413 822 3523 882 est,

1947 911 2376 978 etpriusquam
2434 907 2673 977 insignia
2725 906 2962 976 accepit,
3022 907 3117 960 diu
3173 907 3526 975 imperatoris

1947 1017 2149 1056 munus
2209 1002 2405 1072 gessit,
2441 1010 2496 1054 ct
2529 999 2788 1055 omnibus
2823 1009 2938 1054 tum
2972 999 3202 1064 Graecis,
3239 1009 3353 1053 tum
3389 999 3524 1053 Bar-

1947 1095 2095 1150 baris
2133 1095 2384 1158 charum,
2427 1101 2484 1147 et
2525 1101 2750 1161 propter
2792 1106 2940 1154 eam,
2983 1105 3094 1158 qua
3127 1090 3390 1159 praeditus
3413 1098 3521 1151 est,

1946 1186 2254 1247 lenitatem,
2294 1184 2670 1255 prudentiam,
2706 1195 2764 1238 et
2814 1183 2998 1238 omnis
3037 1181 3357 1237 honestatis
3406 1191 3524 1234 stu-

1903 1297 1907 1301 ~
1946 1276 2096 1329 dium
2132 1279 2384 1332 certatim
2412 1273 2808 1345 expetendum,
2859 1281 2916 1328 et
2943 1288 3091 1327 nunc
3119 1273 3186 1327 ad
3229 1287 3331 1327 nos
3356 1272 3524 1325 rebus

1945 1368 2286 1424 labefactatis
2323 1367 2759 1437 confugientem,
2809 1380 2919 1420 non
2973 1375 3183 1421 tantum
3223 1381 3332 1420 non
3376 1364 3518 1419 tueri

1944 1478 2008 1518 ac
2053 1469 2257 1531 tegere,
2301 1461 2396 1516 sed
2437 1463 2606 1516 etiam
2639 1458 3114 1529 importnnissime
3148 1457 3374 1520 violare.
3409 1471 3519 1510 nun

1944 1555 2291 1612 crudelitatis
2332 1553 2512 1609 solum
2554 1562 2611 1608 et
2657 1551 3038 1613 immanitatis,
3072 1550 3168 1606 sed
3218 1550 3522 1618 imp‘etatis

1943 1663 2166 1720 quoque
2192 1649 2246 1703 in
2273 1647 2506 1702 crimine
2543 1644 2644 1701 nos
2669 1649 2790 1716 jure
2825 1644 3094 1716 posuerit.
3127 1644 3310 1710 Quare
3339 1644 3523 1698 scelus

1945 1734 2262 1810 huiusmodi
2318 1749 2376 1796 et
2419 1740 2536 1809 ipsa
2581 1737 2774 1808 fugere
2809 1739 3000 1804 statui,
3036 1745 3094 1790 et
3135 1745 3195 1790 ut
3237 1750 3338 1789 vos
3365 1749 3523 1803 aeque

1947 1834 2189 1905 fugiatis,
2226 1847 2448 1888 moneo.
2491 1832 2572 1887 Re
2607 1839 2790 1886 autem
2824 1829 3026 1885 inlecta
3059 1845 3188 1884 eum
3219 1826 3520 1892 dimittere,

1946 1926 1998 1980 id
2051 1925 2230 1980 bonus
2283 1937 2469 1979 rerum
2521 1922 2822 1978 aestimator
2869 1921 3127 1976 amentia
3175 1919 3520 1989 ascripserit.
3574 1973 3576 1975 ,

1941 2019 2065 2073 Non
2100 2019 2246 2072 enim
2274 2017 2453 2071 solum
2485 2024 2544 2069 ut
2575 2016 2792 2069 honesti
2821 2015 3162 2084 ignorantes,
3193 2025 3245 2067 et
3280 2013 3348 2067 ab
3373 2011 3523 2067 omni

1941 2109 2275 2180 cogitatione
2322 2107 2507 2163 laudis
2561 2107 2767 2166 aversi.
2803 2122 2832 2160 a
2869 2106 3062 2175 peritis
3095 2105 3376 2177 iudicibus
3411 2119 3526 2158 me-

1941 2204 2048 2258 rito
2084 2201 2504 2272 redarguemur,
2555 2201 2598 2255 si
2650 2199 2811 2268 cujus
2841 2198 3138 2253 amicitiam
3178 2197 3335 2251 multi
3375 2197 3526 2266 prin-

1943 2297 2094 2363 cipes
2128 2295 2365 2350 sollicite
2390 2303 2446 2349 et
2476 2293 2752 2349 laboriose
2781 2293 3175 2362 quaesiverunt,
3225 2290 3376 2346 hunc
3418 2289 3523 2360 ipsi

1940 2389 2231 2443 nobiscum
2258 2387 2551 2447 habentes.
2583 2400 2709 2439 cum
2756 2399 3043 2454 possemus
3081 2391 3209 2437 ante
3240 2384 3379 2437 alios
3405 2383 3526 2453 ejus

1941 2479 2240 2533 amicitiam
2273 2477 2566 2547 consequi,
2595 2491 2660 2529 ex
2709 2474 2945 2545 quadam
2981 2473 3294 2528 rusticitate
3335 2472 3528 2526 volen-

1940 2579 2022 2626 tes
2053 2569 2488 2626 deseruerimus.
2531 2568 2698 2638 Atqui
2745 2569 2792 2621 si
2827 2565 3050 2636 quando
3091 2580 3218 2620 eum
3265 2563 3530 2619 Romanis

1938 2663 2068 2731 jura
2103 2662 2238 2717 dare
2272 2662 2592 2731 contigerit,
2629 2675 2862 2725 memor,
2891 2671 2949 2714 se
2980 2659 3190 2713 nullum
3225 2658 3354 2712 hinc
3377 2659 3528 2712 auxi-

1937 2756 2074 2810 lium
2108 2753 2429 2820 abstulisse,
2475 2753 2572 2808 sed
2619 2762 2887 2822 quantum
2928 2751 2983 2804 in
3017 2751 3178 2806 nobis
3203 2749 3326 2814 fuit,
3356 2751 3526 2805 etiam

1943 2848 2196 2905 hostibus
2245 2847 2361 2902 suis
2398 2846 2679 2918 objectum
2725 2843 2983 2915 (perinde
3023 2842 3170 2898 enim
3217 2853 3322 2903 est.
3377 2857 3530 2898 nunc

1941 2942 2120 3011 ipsum
2171 2941 2392 2994 inanem
2425 2937 2723 3000 dimittere,
2757 2946 2922 3006 atque
2958 2935 3209 2990 hostibus
3245 2935 3530 3004 prodere),

1941 3047 2049 3086 non
2099 3031 2302 3102 injuria
2347 3046 2408 3086 se
2458 3030 2781 3092 ulciscetur,
2827 3037 2885 3083 et
2919 3027 3082 3081 nobis
3117 3027 3322 3081 malum
3355 3025 3526 3091 dabit,

1938 3141 2065 3180 cum
2099 3125 2166 3179 ad
2199 3125 2333 3179 alias
2361 3137 2558 3180 causas
2593 3139 2702 3177 non
2737 3135 2940 3192 paucas
2999 3120 3116 3175 haec
3146 3119 3310 3174 etiam
3343 3118 3531 3188 prodi-

249 3207 438 3261 ἀλλων
476 3225 536 3260 τε
569 3209 780 3262 πολλῶν
807 3211 1134 3279 προφάσεων
1159 3213 1474 3282 εὐπορήσας
1503 3215 1590 3276 ἂν,
1619 3215 1711 3266 καὶ
1735 3217 1835 3284 τὴν

1945 3216 2110 3269 tionis
2135 3214 2454 3271 accesserit.
2480 3211 2750 3276 Quocirca
2785 3211 2830 3265 si
2862 3212 2941 3266 rei
2981 3221 3183 3265 nostra:
3213 3209 3526 3264 consultum

249 3295 356 3348 νῦν
404 3297 698 3366 προδοσίαν
741 3298 1048 3353 ἐπικαλῶν.
1093 3301 1170 3352 Δι’
1225 3299 1260 3354 ἀ
1313 3301 1437 3353 οὐδὲ
1484 3302 1839 3371 ἀποπέμπειν

244 3388 540 3458 ἄπρακτον
571 3389 758 3460 οἴομαι
795 3388 1118 3447 λυσιτελεῖν.
1147 3392 1412 3445 Λείπεται
1441 3392 1508 3465 δὴ
1533 3392 1772 3465 βοηθεῖν,
1803 3393 1838 3466 ἢ

248 3485 725 3552 παραχωρήσαντι
750 3484 860 3535 τῶν
892 3484 1104 3537 πόλεων
1133 3476 1207 3538 ὧν
1234 3485 1497 3554 αίτοῦμεν
1517 3530 1530 3548 ,
1563 3487 1596 3558 ἢ
1634 3491 1836 3556 προῖκα

242 3573 351 3626 καὶ
382 3573 472 3626 διὰ
521 3572 853 3643 φιλοτιμίαν.
880 3575 954 3628 Τὸ
997 3576 1095 3645 μὲν
1127 3572 1220 3628 οὖν
1254 3578 1364 3630 τῶν
1399 3578 1607 3632 πόλεων
1647 3595 1835 3649 παρα-

239 3666 451 3736 χωρεῖν
486 3665 672 3728 αὑτὸν,
705 3667 832 3733 ἐμοὶ
879 3667 981 3736 μὲν
1013 3666 1253 3737 ἥδιστον,
1288 3669 1384 3720 καὶ
1431 3670 1668 3739 μάλιστα
1703 3671 1828 3740 βουο

236 3758 450 3826 ἱκοίμην
473 3756 540 3810 ἀν
559 3772 573 3786 ·
608 3757 818 3821 ἐκεῖνος
844 3759 922 3822 δὲ,
962 3759 1039 3822 ὠς
1074 3759 1312 3830 ὁρῶμεν.
1341 3759 1599 3814 τοσοῦτον
1637 3761 1837 3832 ἀπέχει

234 3849 344 3904 τοῦ
387 3851 478 3902 διὰ
527 3850 627 3921 τὴν
677 3850 970 3924 παροῦσαν
1021 3852 1371 3922 δυσπραγίαν
1430 3856 1837 3925 κατεπτηχέναι

235 3944 348 3996 καὶ
371 3943 601 3994 ταπεινά
619 3942 716 3996 κῑεὶ
749 3943 1080 4014 ἀνελεύθερα
1110 3947 1352 4015 φρονεῖν,
1381 3945 1514 4000 ὥσθ’
1539 3948 1708 4016 ἡδέως
1737 3948 1829 4014 ἂν,

233 4033 442 4103 ὥσπερ
473 4033 601 4104 ἔφη,
629 4035 732 4104 τῆς
767 4035 931 4089 αὐτοῦ
976 4036 1070 4090 καὶ
1104 4037 1314 4091 παίδων
1356 4039 1452 4092 καὶ
1485 4039 1702 4094 πάντων
1727 4039 1837 4093 τῶν

235 4132 522 4182 συνόντων
575 4131 846 4197 σωτηρίας
902 4132 1003 4200 τὴν
1052 4133 1183 4199 μιᾶς
1233 4132 1329 4184 καὶ
1361 4132 1703 4204 φαυλοτάτης
1743 4133 1839 4186 πό-

232 4223 391 4283 λεως
433 4219 748 4284 ἀλλάξαιτο.
782 4221 913 4274 Ὅτε
959 4221 1142 4275 τοίνυν
1179 4221 1358 4286 οὕτως
1393 4223 1639 4293 ἔχεικαὶ
1672 4223 1830 4275 ὲλευο

233 4313 398 4381 Θέρῳ
474 4313 758 4376 πρέποντα
809 4313 985 4382 ,ἀνδρὶ
1052 4315 1148 4366 καί⁵
1209 4313 1423 4384 βασιλεῖ
1486 4317 1836 4386 προσήκοντα

1950 3307 2228 3378 rupimus,
2254 3308 2474 3362 inanem
2500 3304 2890 3361 dimittendum
2922 3318 3030 3357 non
3057 3312 3210 3372 puto.
3245 3300 3533 3370 Relinqui-

1948 3410 2041 3455 tur
2069 3406 2202 3469 ergb
2245 3398 2640 3471 adjuvandum,
2674 3405 2771 3451 aut
2807 3394 3096 3450 cedentem
3133 3394 3366 3449 urbibus
3392 3407 3534 3463 quas

1947 3493 2212 3564 petimus,
2250 3503 2345 3548 aut
2377 3491 2620 3560 gratuito
2647 3498 2825 3553 certe,
2865 3497 2924 3542 ut
2963 3490 3104 3542 istuc
3134 3488 3298 3544 nobis
3331 3485 3530 3541 honori

1943 3584 2047 3642 sit.
2099 3584 2154 3638 Si
2207 3584 2427 3653 oppidis
2471 3581 2716 3645 cederet,
2773 3580 2825 3634 id
2877 3579 3016 3635 mihi
3059 3578 3529 3650 jucundissimum

1943 3685 2110 3744 atque
2153 3674 2560 3744 Optatissimum
2604 3673 2765 3727 foret.
2811 3671 2882 3726 At
2928 3671 3042 3737 ille,
3077 3673 3223 3740 quod
3257 3671 3530 3736 videmus,

1945 3775 2159 3820 tantum
2191 3766 2371 3827 abest,
2407 3774 2468 3818 ut
2499 3764 2755 3833 presenti
2781 3763 3531 3826 calamitateconsternatus,

1949 3858 2160 3912 humile
2188 3856 2471 3926 quidpiam
2503 3855 2890 3925 abjectutnque
2918 3854 3145 3923 cogitet,
3184 3861 3244 3906 ut
3273 3853 3535 3918 libenter,
3603 3892 3605 3894 -

1940 3948 2406 4020 quemadmodum
2471 3947 2756 4016 professus
2809 3955 2926 4011 est,
2973 3946 3140 4000 etiam
3190 3945 3426 4001 ﬁliorum
3476 3953 3535 4001 rt

1938 4041 2188 4108 quicum
2232 4054 2300 4092 eo
2356 4045 2486 4092 sunt
2533 4037 2783 4091 omnium
2834 4035 3067 4089 salutem
3118 4049 3244 4088 cum
3299 4049 3410 4088 uno
3473 4043 3532 4087 et

1939 4130 2342 4201 ignobilissimo
2377 4128 2642 4198 oppidulo
2690 4126 3134 4182 commutaverit.
3165 4123 3397 4202 Quando
3430 4125 3539 4194 igi-

1940 4235 2028 4279 tur
2084 4237 2172 4278 res
2215 4223 2300 4275 ita'
2317 4236 2376 4275 se
2403 4221 2587 4280 habet.
2623 4228 2676 4274 et
2716 4213 2806 4274 ille
2837 4218 3049 4273 homini
3079 4221 3335 4288 ingenuo
3363 4225 3537 4288 atque

1940 4314 2258 4384 imperatori
2289 4314 2487 4368 decora
2520 4311 2830 4376 aﬂirmatit,
2863 4320 3129 4381 przestare
3164 4309 3300 4364 mi-bi
3345 4308 3533 4364 visum

229 4404 592 4474 ἀπεφήνατο,
620 4406 830 4474 βέλτιον
884 4405 1007 4474 ἐμοί
1065 4424 1122 4459 τε
1173 4407 1341 4474 ἔδοξε,
1391 4411 1482 4461 καὶ
1525 4412 1653 4479 ὑμῖν
1696 4409 1834 4464 πᾶσι

1942 4417 2040 4469 est,
2069 4417 2124 4460 et
2155 4407 2221 4460 ad
2271 4405 2414 4461 idem
2457 4418 2556 4458 vos
2581 4420 2775 4459 omnes
2814 4406 3100 4466 adhbrtor,
3147 4411 3206 4457 ut
3244 4418 3368 4471 qua:
3408 4401 3532 4459 vult

228 4500 506 4572 παραινῶ
611 4501 816 4560 ἐκεῖνος
866 4499 1008 4564 ἀξιοῖ
1053 4502 1254 4564 ποιεῖν,
1281 4502 1377 4553 καὶ
1424 4504 1605 4556 πᾶσαν
1637 4521 1834 4575 μικρο-

1942 4501 1986 4555 ei
2036 4499 2410 4554 concedamus
2461 4499 2722 4567 omnique
2753 4495 3008 4550 illiberali
3053 4505 3108 4549 et
3152 4494 3374 4550 sordida
3425 4509 3525 4548 cu-

226 4594 443 4663 λογίαν
489 4595 583 4646 καὶ
629 4592 1013 4662 ἀνελευθερίαν
1058 4593 1502 4664 ἀπορρίψαντας,
1541 4601 1695 4670 πασῃ
1745 4599 1833 4651 δυ·

1942 4593 2171 4663 ιῖιιίίιιιιε
2237 4591 2431 4660 posita,
2488 4588 2656 4661 496
2709 4588 2774 4642 ad
2814 4586 3122 4640 Romanum
3151 4585 3532 4657 principatum

228 4691 416 4755 νάμει
450 4685 688 4755 βοηθεῖν,
735 4684 829 4736 καὶ
880 4683 978 4754 τὴν
1024 4683 1312 4752 Ῥωμαίων
1353 4687 1501 4754 αὐτῷ
1538 4690 1836 4759 ἡγεμονίαν

225 4780 656 4841 κατακτᾶσθαι,
701 4779 761 4829 οὐ
797 4777 1000 4844 μικρὰν
1038 4777 1311 4845 ὠφέλειαν
1355 4779 1692 4848 ἡγουμένους
1737 4783 1837 4846 τὴν

226 4873 409 4944 παρὰ
438 4872 657 4925 πάντων
681 4873 816 4940 ἡμῖν
857 4868 1111 4923 εὔκλειαν
1135 4871 1424 4940 ἐσομένην.
1459 4873 1554 4925 καὶ
1589 4874 1651 4926 τὸ
1682 4874 1835 4941 φίλον

224 4965 558 5035 κτήσασθαι
612 4964 710 5017 καὶ
757 4962 1052 5033 σύμμαχον
1095 4962 1359 5030 τοιοῦτον,
1405 4964 1466 5018 ὃν
1508 4965 1694 5018 πολλοὶ
1739 4966 1838 5036 μὲν

220 5058 613 5128 ἐπιθυμοῦσι,
641 5058 974 5126 τυγχάνουσι
1028 5056 1086 5108 δὲ
1137 5057 1260 5109 οὐδὲ
1320 5056 1526 5126 ὀλίγοι”’
1560 5059 1652 5111 καὶ
1697 5058 1755 5112 ὃν
1787 5060 1837 5114 οἱ

221 5154 492 5223 ἔχοντες,
533 5149 906 5217 ἀγνοήσαντες
953 5148 1130 5213 αὐτοὶ,
1182 5148 1277 5200 καὶ
1322 5148 1390 5200 τὰ
1443 5148 1692 5218 χείριστα
1742 5151 1837 5203 καὶ

217 5239 707 5312 ἀλυσιτελέστατα
759 5238 1206 5309 βουλευσάμενοι,
1245 5242 1462 5308 saturei;
1513 5243 1838 5296 ἀπεώσαντο

215 5334 493 5394 ἑκόντες.
526 5329 698 5383 Τοῦτο
740 5330 796 5382 δὲ
844 5329 1006 5396 μόνον
1054 5331 1188 5400 παρ’
1235 5329 1404 5384 αὑτοῦ
1445 5333 1618 5383 αἰτεῖν
1652 5312 1840 5402 ὅρκοις

219 5423 633 5502 βεδαιοῦσθαι,
670 5421 810 5475 ὥστε
846 5422 1141 5494 σύμμαχόν
1171 5439 1230 5474 τε
1263 5423 1359 5475 καὶ
1388 5421 1542 5492 φίλον
1584 5423 1674 5476 διὰ
1719 5425 1836 5495 βῖου

212 5521 258 5586 ἡ
279 5515 390 5586 μῖν
420 5508 584 5574 εἷναι,
614 5513 708 5564 καὶ
747 5511 816 5576 ἃς
846 5511 1046 5582 ἔχομεν
1076 5514 1196 5566 νυνὶ
1227 5510 1411 5573 πόλεις
1457 5511 1611 5564 αὐτοί
1636 5529 1696 5564 τε
1738 5514 1837 5566 καὶ

217 5605 496 5675 πατέρες
557 5605 606 5656 οί
667 5605 951 5677 ἡμέτεροι,
999 5604 1098 5672 τῆς
1155 5603 1447 5673 Ῥωμαίων
1506 5605 1836 5675 ἀφελόμενοι

211 5699 548 5774 ἡγεμονίας
583 5697 859 5770 μηδεμίαν
907 5695 1346 5762 ἀπαιτεῖν,’δταν
1389 5696 1485 5750 ἐπὶ
1526 5697 1627 5769 τῆς
1663 5699 1838 5769 ἀρχῆς

207 5794 535 5862 καταστῇ·
568 5792 706 5862 μηδὲ
753 5791 994 5861 πόλεμον
1039 5792 1212 5844 κινεῖν
1251 5789 1380 5859 περὶ
1411 5790 1596 5843 αὐτῶν
1628 5792 1840 5861 ἐπιχειο

210 5886 452 5965 ροῦντα
487 5885 807 5955 ἀφελέσθαι.
834 5881 906 5956 ᾯ
936 5886 1030 5939 καὶ
1057 5886 1219 5939 αὑτὸν
1254 5885 1440 5956 οἴομαι
1477 5885 1837 5956 συνθήσεσθαι

1942 4684 2342 4756 acquirendum
2372 4683 2502 4737 totis
2537 4682 2751 4735 viribus
2785 4681 2836 4734 ei
2869 4679 3231 4745 Studeamus:
3278 4693 3390 4731 non
3414 4677 3534 4731 exi-

1897 4809 1908 4816 η
1943 4793 2110 4848 guunt
2142 4775 2384 4830 fructum
2409 4772 2685 4837 arbitrati,
2715 4787 2878 4840 quam
2909 4770 3054 4840 apud
3087 4785 3278 4824 omnes
3303 4770 3536 4840 gloriam

1943 4869 2335 4937 adipiscemur,
2387 4878 2516 4918 cum
2566 4862 2729 4917 talem
2759 4862 2997 4916 amicutn
3020 4861 3183 4916 nobis
3208 4861 3536 4932 sociumque

1945 4960 2355 5032 paraverimus,
2396 4956 2618 5026 qualem
2664 4955 2823 5009 multi
2861 4962 3209 5024 exoptantes,
3253 4955 3412 5022 pauci
3448 4953 3534 5006 in—

1948 5051 2181 5106 veniunt
2221 5064 2236 5102 :
2268 5058 2322 5102 et
2357 5048 2576 5118 qualem
2613 5045 2721 5114 qui,
2742 5043 3038 5110 habebant,
3067 5045 3380 5098 nescientes
3405 5059 3534 5114 qua-

1946 5144 2057 5199 lem
2098 5142 2392 5205 baberent,
2428 5139 2738 5194 rationibus
2779 5139 2898 5192 suis
2927 5138 3087 5208 longe
3127 5136 3366 5206 pessime
3397 5151 3536 5190 con-

1945 5235 2213 5297 sulrntcs,
2291 5231 2437 5286 ultro
2507 5231 2856 5300 repulerunt.
2918 5229 3033 5284 Hoc
3091 5228 3272 5285 solum
3339 5229 3408 5284 ab
3466 5243 3535 5284 eo

1945 5329 2246 5400 petendum
2295 5338 2357 5383 ut
2401 5342 2459 5382 se
2493 5327 2546 5381 in
2594 5325 2742 5380 omni
2790 5325 2901 5379 vita
2950 5326 3187 5379 amicum
3233 5333 3286 5380 et
3325 5324 3538 5379 socium

1944 5423 2106 5477 nobis
2154 5421 2322 5487 fore,
2382 5432 2437 5476 et
2479 5436 2618 5492 quas
2670 5435 2816 5474 nunc
2865 5419 3054 5481 urbes,
3102 5418 3217 5473 sive
3266 5433 3366 5489 per
3411 5433 3536 5481 nos,
3604 5448 3609 5452 ι

1946 5519 2064 5570 sive
2097 5531 2194 5584 per
2224 5525 2410 5585 patres
2445 5522 2665 5568 nostros
2710 5527 2740 5566 a
2794 5512 3190 5567 Romanorum
3219 5511 3536 5582 principatu

1948 5607 2196 5661 divulsas
2264 5617 2537 5672 tenemus,
2608 5621 2798 5661 carum
2866 5605 3074 5659 nullam
3144 5604 3534 5676 repetiturum,

1945 5700 2164 5770 quando
2200 5700 2255 5755 in
2292 5699 2587 5770 imperium
2623 5699 2868 5763 venerit,
2903 5714 3005 5754 nec
3039 5699 3244 5753 bellum
3273 5715 3337 5753 ca
3364 5698 3538 5768 gratia

1951 5803 2256 5852 moturum.
2291 5800 2641 5846 sacramento
2679 5791 2991 5846 continuet.
3040 5791 3215 5858 Quam
3263 5789 3542 5844 conditiu-

1947 5900 2099 5947 nem.
2146 5895 2205 5940 ut
2249 5886 2477 5956 justam,
2528 5899 2629 5940 nec
2675 5885 2829 5955 quasi
2883 5885 3089 5940 idcirco
3137 5878 3535 5952 rempublicam
