3962 6556
213 416 316 478 969

1367 405 1903 491 HlS’l’ORlAliUM
1943 405 2170 484 LIBER
2215 403 2324 488 lli.

3315 404 3420 466 97")

211 524 426 596 βασιλέα
456 523 546 580 τὸν
575 524 950 597 πρεσϐύτερον
993 523 1333 593 ⁹Ᾱκιδρόνικον
1380 523 1542 583 αὐτὸς
1579 519 1760 590 ἄρχων

1878 531 2034 578 tenus
2096 515 2401 587 Syrgianne
2449 515 2686 584 parario,
2733 520 2782 568 le
2833 511 3158 588 inhonorum
3199 528 3422 582 prorsus

211 615 530 688 ἀπεδείχθης
551 615 663 669 τῶν
690 615 855 670 ἁλῶν.
886 616 997 670 Καὶ
1024 615 1188 684 μέχρι
1216 612 1408 666 τούτου
1436 629 1518 664 σοι
1545 615 1612 663 τά
1668 614 1764 678 τῆς

211 703 507 774 εὐημερίας
538 703 692 772 ἔστη.
727 702 1108 768 Κινδυνεύοντι
1133 701 1189 756 δὲ
1222 701 1325 773 ἤδη
1363 699 1766 756 ἀπολέσθαιδά

1872 617 1928 661 et
1948 617 2342 677 contemptum,
2390 605 2540 660 brevi
2595 605 2952 674 conspicuum
3003 603 3264 667 reddidit.
3314 619 3424 658 non

1874 701 2063 768 paucis
2101 699 2169 752 de
2199 698 2482 758 nobilitate
2517 697 2570 750 id
2615 696 2958 776 iniquissime
2996 696 3295 775 terentibus
3323 713 3339 750 :
3370 703 3428 749 et

207 795 317 846 τῶν
349 795 565 863 τρόπων
585 794 691 864 ¹τὴν
735 795 1034 861 ,σκαιότητα
1083 794 1179 846 καλ⁵
1237 791 1539 862 μοχθηρίαν
1585 790 1677 842 καὶ
1709 791 1770 840 τὸ

1878 795 1989 860 iure
2013 791 2252 860 quidem.
2280 789 2424 860 quod
2463 789 2742 843 hominem
2800 789 3004 842 nullius
3038 787 3197 857 pretii
3230 787 3429 856 amplis

209 885 468 954 χρήματα
504 887 670 954 μυρία
697 885 775 954 τῷ
804 886 1047 954 δημοσίῳ
1077 884 1281 952 δ’ρλειν,
1316 869 1348 935 ’ὁ
1375 881 1642 952 ἡμέτερος
1669 881 1768 949 βα·-

212 973 394 1039 σιλεὺς
424 976 451 1026 6
484 972 936 1042 Καντακουζηνδς
987 974 1297 1042 Συργιάννη
1343 970 1627 1040 δεηθέντος
1671 987 1768 1022 πα-

214 1063 484 1134 ραλαϐὼν,
511 1063 568 1127 ἐξ
599 1064 794 1134 ἀτίμου
823 1065 917 1118 καὶ
947 1061 1458 1133 καταφρονουμένου
1520 1059 1773 1131 περίδλεο

212 1169 346 1206 πτον
377 1155 680 1223 πεποίηκεν
701 1155 806 1221 οὐκ
839 1156 896 1205 ἐν
928 1153 1159 1224 μακρῷ⁶
1190 1151 1258 1203 δι’
1281 1151 1315 1205 ἃ.
1342 1152 1437 1204 καὶ
1474 1148 1588 1202 τῶν
1611 1149 1772 1216 εὐγε-

213 1243 480 1312 νεστέρων
511 1243 610 1316 οὐκ
643 1243 820 1308 ὀλίγοι
868 1242 1100 1312 ῆχθοντο
1127 1240 1354 1302 δικαίως
1401 1237 1500 1312 καὶ
1553 1237 1774 1305 ἐδυσχέ-

217 1349 396 1402 ραινον
435 1334 517 1385 ότι
540 1332 630 1383 τὸν
661 1331 890 1401 μηδενὸς
920 1332 1069 1396 ἄξιον
1109 1331 1361 1399 μεγάλων
1384 1329 1546 1382 τινῶν
1573 1326 1774 1397 ἠξίωσε

213 1426 309 1477 καὶ
334 1423 654 1494 θαυμασίων
676 1439 692 1454 °
719 1419 794 1476 ὧν
823 1422 922 1492 τὴν
951 1421 1255 1492 ὑπερϐολὴν
1314 1421 1434 1474 οὐδὲ
1473 1420 1636 1481 αὐτὸς
1670 1417 1772 1485 φέ-

215 1531 334 1585 ρειν
354 1514 607 1584 ,δυνηθεὶς
636 1513 775 1566 κατὰ
803 1514 898 1566 τοῦ
934 1514 1074 1582 μετὰ
1102 1513 1236 1565 Θεὸν
1259 1512 1565 1584 πλάσαντος
1586 1512 1677 1562 καὶ
1708 1509 1774 1563 ὲκ

212 1605 450 1672 κοπρίας
502 1603 889 1678 ἀναγαγόντος,
942 1603 1130 1672 ὥσπερ
1173 1605 1200 1654 ό
1237 1602 1420 1675 ⁸Σοιτονιν
1465 1591 1607 1652 κατὰ
1637 1598 1774 1652 Θεοῦ

211 1696 450 1763 πόλεμον
487 1695 806 1762 κεκίνηκας,
838 1693 901 1746 τὸ
922 1693 1157 1763 ὑπήκοον
1188 1690 1580 1760 ἐκπολεμώσας
1600 1706 1614 1719 ⁸
1651 1707 1777 1758 προ-

215 1784 378 1852 φάσει
406 1784 504 1852 μὲν
531 1783 721 1852 ῶσπερ
764 1782 972 1843 ἐκεῖνος
1005 1781 1098 1833 τοῦ
1148 1780 1402 1850 πρόνοιάν
1440 1795 1561 1832 τινα
1593 1778 1773 1831 αὐτῶν

209 1877 506 1940 ποιεῖσθαι,
533 1877 600 1943 τῇ
650 1874 695 1928 δ’
727 1873 956 1942 ἀληθεία
1007 1871 1217 1941 φθονῶν
1249 1869 1431 1934 αὐτοῖς
1459 1861 1559 1939 τῆς
1591 1885 1766 1939 σωτη-
1807 1858 1848 1914 Β

213 1967 360 2038 ρίας.
390 1968 498 2020 Καὶ
524 1967 619 2017 νῦν
649 1965 856 2031 ἔξεστιν
882 1965 1036 2036 όρᾷν,
1062 1963 1138 2026 ῶς
1165 1963 1411 2034 αἱμάτων
1440 1961 1540 2033 μδν
1569 1961 1776 2030 ἀνθρωο

211 2058 388 2110 πίνων
404 2055 713 2122 ,ἐνέπλησας
746 2055 845 2117 τὰς
875 2055 1059 2128 πόλεις
1087 2055 1265 2115 πάσας
1308 2052 1614 2120 Ῥωμαίων.
1647 2052 1777 2102 Δεσ-

213 2146 470 2216 μωτήρια
509 2144 586 2208 δὲ,
619 2143 712 2197 καί
759 2161 842 2197 τοι
877 2143 1014 2213 πρὸς
1054 2147 1166 2206 τοῖς
1218 2142 1340 2196 οὖσι
1393 2139 1778 2211 πολλαπλασίω

210 2236 698 2304 κατεσκευασμένα
755 2234 860 2286 δπὺ
902 2233 1019 2296 σοῦ,
1059 2233 1210 2303 ὅμως
1243 2232 1350 2286 ὑπὸ
1402 2231 1642 2300 πλήθους
1670 2231 1778 2283 τῶν

209 2323 504 2392 δεσμωτῶν
537 2319 1020 2390 στενοχωροῦνται.
1060 2317 1338 2388 Ἀρπαγαὶ⁹
1373 2315 1430 2369 δὲ
1462 2318 1556 2370 καὶ
1584 2315 1779 2384 λεηλα-

212 2415 332 2466 σίαι
360 2413 452 2467 καὶ
483 2412 655 2484 μυρία
690 2397 856 2482 ἕτερα
879 2410 1028 2463 δεινά
1059 2409 1329 2481 ὁσημέραι
1360 2409 1420 2461 ἐν
1448 2409 1566 2468 ταῖς
1589 2408 1776 2460 πόλεσι

211 2505 546 2575 τολμῶνται,
577 2504 670 2556 καὶ
695 2501 911 2572 δάκρυα
936 2500 1212 2569 πανταχοῦ
1247 2500 1344 2554 καὶ
1384 2499 1644 2565 κωκυτοὶ,
1683 2501 1780 2553 καὶ

209 2599 240 2650 6
265 2597 582 2665 φειδόμενος
617 2593 738 2667 οὐδὲ
779 2587 879 2655 εἷς.
920 2591 1063 2644 Ἀλλ’
1095 2591 1284 2661 ῶσπερ
1329 2593 1357 2645 6
1387 2591 1626 2654 Σατανᾶς
1667 2592 1780 2653 τοῖς

213 2688 457 2756 μάλιστα
508 2684 626 2754 Θεῷ
678 2683 1186 2755 προσῳκειωμένοις
1244 2683 1338 2734 καὶ
1385 2681 1616 2751 βελτίοσι
1667 2681 1780 2735 τῶν

211 2779 394 2832 ἄλλων
446 2777 558 2829 δεῖν
609 2775 819 2842 ἔγνωκε
870 2774 1128 2842 πολεμεῖν
1157 2774 1266 2826 τῶν
1309 2773 1506 2827 ἄλλων.
1534 2772 1778 2842 ἀμελῶν,

210 2871 361 2922 οὕτω
376 2869 440 2938 δὴ
459 2867 559 2920 καὶ
580 2866 643 2918 σὺ
668 2867 792 2927 τοὺς
815 2863 1064 2933 ἀρίστους
1089 2864 1196 2915 τῶν
1222 2863 1526 2933 ἑκασταχοῦ
1547 2864 1794 2927 πόλεων..

212 2957 318 3014 καὶ
350 2959 680 3028 δυναμένους
712 2957 778 3009 τά
813 2956 997 3009 δέοντα
1033 2955 1265 3025 συνορᾷν
1298 2955 1654 3027 διαφθείρων,
1686 2958 1783 3010 καὶ
1815 3012 1818 3015 _

213 3049 584 3104 κατακόπτων
607 3045 1011 3115 ἀπανθρώπως.
1038 3045 1146 3096 τῶν
1200 3045 1408 3098 πολλῶν
1441 3047 1534 3097 καὶ
1566 3046 1780 3110 οὐδενὸς

214 3141 388 3206 ἀξίων
423 3139 614 3194 οὐδένα
639 3139 797 3208 λόγον
851 3139 1002 3207 ποιῇ,
1035 3131 1368 3207 ὡς’ὔστερον
1399 3135 1431 3207 ἢ
1481 3135 1652 3206 δειλίᾳ
1691 3141 1782 3193 καὶ

212 3232 445 3302 ἀπειρίᾳ
474 3232 541 3299 τῇ
601 3227 735 3296 πρὸς
771 3229 897 3291 τοὺς
930 3227 1197 3295 πολέμους
1233 3225 1530 3297 βαρϐάροις
1587 3243 1768 3294 παρα.

199 3323 428 3387 δώσων,
464 3321 498 3390 ἢ
529 3319 689 3382 αὐτὸς
731 3319 870 3372 κατὰ
905 3318 1096 3389 σχολὴν
1137 3317 1478 3389 διαφθερῶνσ
1509 3317 1600 3368 καὶ
1641 3317 1776 3382 ὅλως

213 3413 412 3482 κοινὴν
446 3409 822 3478 πανωλεθρίαν
875 3409 967 3461 τοῦ
1011 3408 1299 3476 Ῥωμαίων
1351 3408 1540 3475 γένους
1568 3409 1775 3479 διανοῇ,

212 3508 267 3559 εί
321 3504 395 3574 μὴ
422 3503 553 3565 Θεὸς
599 3500 890 3563 κωλύσειε,
919 3499 1016 3570 τὴν
1053 3499 1471 3570 μισανθρωπίαν
1523 3499 1778 3568 βδελυξά-

215 3611 408 3664 μενος.
438 3593 701 3655 Βασιλεὺς
740 3592 796 3646 δὲ
829 3590 1276 3660 Καντακουζηνδς
1304 3592 1333 3644 δ
1378 3592 1652 3661 ἡμέτερος
1685 3593 1780 3644 καὶ

215 3684 316 3745 σὸς
341 3683 628 3750 δεσπότης,
663 3680 766 3736 κᾶν
797 3680 877 3738 ἔτι
933 3678 1100 3732 πλείω
1138 3679 1230 3731 καὶ
1277 3678 1554 3746 δεινότερα
1604 3679 1781 3744 άγνωυ

218 3775 494 3845 μονήσης,
540 3772 728 3841 ὥσπερ
775 3771 884 3824 τῶν
932 3770 1136 3823 δούλων
1175 3770 1224 3822 οί
1279 3767 1779 3839 κακοτροπώτατοι,

210 3865 325 3937 τὴν
355 3867 418 3918 ἐκ
450 3864 728 3934 προγόνων
781 3861 1031 3915 εὔκλειαν
1069 3862 1194 3930 ἄχρι
1229 3859 1325 3913 νῦν
1368 3858 1645 3923 διασώζει,
1684 3861 1780 3930 κα).

211 3957 323 4026 τὴν
352 3956 650 4008 επιείκειαν
672 3955 761 4006 καὶ
781 3955 880 4024 τὴν
914 3953 1222 4024 σεμνότητα
1253 3951 1361 4004 τῶν
1392 3951 1612 4022 τρόπων
1633 3966 1649 3983 ·
1685 3951 1782 4002 καὶ

227 4045 525 4114 Ῥωμαίων
554 4045 886 4109 συμπάντων
920 4043 1124 4114 ἄρχων,
1154 4043 1247 4096 καὶ
1278 4042 1539 4111 βασιλέως
1572 4042 1653 4094 ἔτι
1686 4058 1783 4093 πε-

216 4139 436 4208 ριόντος
463 4137 614 4190 οὐδὲν
651 4131 814 4206 ἧττον
844 4136 938 4187 καὶ
965 4134 1059 4187 νῦν
1089 4137 1204 4186 ἐστι
1247 4133 1522 4204 βασιλεύς.
1559 4134 1619 4186 Εί
1644 4134 1703 4186 δέ
1727 4150 1782 4186 τι

213 4228 359 4297 περὶ
389 4227 550 4280 αὐτὸν
580 4208 898 4296 συμϐίδηκε
930 4227 1024 4277 καὶ
1047 4223 1324 4298 δυσχερὲς.
1351 4221 1666 4294 θαυμαστὸν
1691 4224 1784 4276 ού-

211 4321 335 4375 δένο
351 4319 529 4372 πολλὰ
548 4321 655 4387 γὰρ
678 4318 705 4368 6
729 4334 804 4370 πα
812 4313 1119 4388 ρεληλυθὼς
1139 4313 1359 4389 τοιαῦτα
1375 4314 1563 4386 χρόνος
1585 4315 1784 4384 ἔσχηκε

216 4408 678 4477 παραδείγματα.
722 4405 912 4473 Ἦμετς
942 4404 1001 4456 δὲ
1029 4403 1220 4470 ἐκείνῳ
1253 4407 1350 4470 τὴν
1379 4401 1562 4454 πίστιν
1598 4401 1784 4454 ἄδολον

212 4500 538 4571 φυλάξομεν
584 4499 680 4552 καὶ
712 4497 984 4566 καθαρὰν,
1041 4496 1100 4548 οὐ
1161 4494 1321 4565 μόνον
1349 4494 1617 4562 περιόντι,
1647 4493 1783 4547 ἀλλὰ

211 4595 321 4646 καὶ
346 4595 458 4654 τοῖς
495 4591 648 4643 παισὶ
684 4590 820 4656 μετὰ
847 4587 944 4658 τὴν
970 4584 1246 4656 τελευτὴν,
1281 4586 1376 4636 καὶ
1409 4583 1784 4655 οὕτεάγαθῶν

207 4682 576 4750 ἐπαγγελίαι,
614 4679 740 4732 οὗτε
766 4678 958 4731 δεινῶν
984 4678 1291 4742 ὲπαγωγαὶ,
1327 4672 1442 4727 οὗθ’
1470 4675 1654 4743 ἓτερον
1679 4677 1786 4729 τῶν

206 4775 394 4827 ὕντων
421 4789 479 4824 τι
503 4772 603 4840 τῆς
653 4770 789 4839 πρὸς
821 4767 1028 4820 ἐκεῖνον
1068 4767 1306 4826 πίστεως
1335 4765 1622 4834 δυνήσεται
1652 4767 1788 4819 ἀπο·

214 4866 428 4932 στῆσαι
456 4864 552 4914 καλ⁸
585 4861 830 4928 άγάπης.
869 4858 972 4910 Σοῦ
1015 4857 1072 4909 δε
1109 4854 1472 4924 ἐπιστρέψειό
1507 4856 1664 4916 πόνος
1695 4857 1786 4908 ἐπὶ

205 4958 323 5024 τὴν
348 4954 616 5022 κεφαλὴν,
642 4953 737 5003 καὶ
783 4948 880 5002 ἐπὶ
909 4947 1159 5018 κορυφὴν
1187 4948 1221 5016 η
1252 4945 1438 4999 ἀδικία
1486 4962 1578 4998 σου
1609 4963 1782 5000 καταο

205 5049 474 5117 ϐήσεται.
536 5043 649 5114 Τὴν
708 5043 808 5117 μὲν
866 5039 959 5093 οῦν
999 5039 1297 5104 ἀπολογίαν
1327 5036 1473 5108 ἔχεις
1526 5037 1627 5109 ηδη
1657 5053 1786 5108 παρ’

202 5135 380 5206 ἡμῶν
415 5133 569 5198 ἀξίαν
605 5133 713 5186 τῶν
761 5130 1192 5201 γεγραμμένων.
1235 5129 1374 5190 Τοὺς
1419 5127 1786 5197 κεκομικότας

208 5231 278 5282 ει
311 5229 380 5280 τά
405 5226 718 5296 γράμματα
743 5224 839 5277 νῦν
863 5223 964 5292 μὶν
992 5220 1220 5284 ἀπαθεῖς
1251 5219 1658 5290 άπεπὲμψαμεν
1689 5235 1788 5273 κα-

203 5321 358 5381 κῶν,
418 5319 546 5380 τοὺς
598 5317 728 5390 περὶ
765 5314 837 5368 τὰ
867 5313 1096 5368 τοιαῦτα
1130 5313 1423 5382 κειμένους
1467 5311 1780 5381 αἰδούμενοι

203 5412 442 5482 νόμους,
481 5409 531 5480 οἱ
562 5408 748 5472 κακῶς
803 5410 982 5460 ποιεῖν
1028 5405 1433 5474 ἀπαγορεύουσι
1481 5405 1606 5468 τοὺς
1643 5405 1784 5475 πρὸς

203 5501 561 5571 ἀπαγγελίας
589 5502 823 5572 ἣκοντας
843 5516 856 5531 ·
892 5501 958 5553 ἂν
984 5499 1040 5553 δὲ
1066 5498 1183 5568 μετ’
1210 5497 1407 5560 αὐτοὺς
1435 5499 1614 5569 ῑτεροί
1637 5514 1782 5562 τινες

202 5594 546 5659 ἀφίκωνται,
583 5594 821 5648 ίστωσαν
853 5590 930 5662 μὴ
967 5592 1097 5646 ἄνευ
1138 5589 1362 5660 πληγῶν
1389 5593 1482 5644 καὶ
1513 5589 1782 5660 τιμωρίας

202 5689 318 5760 τῆς
346 5687 576 5760 δεούσης
601 5685 1028 5753 ἀπαλλάξοντες.
1055 5687 1292 5742 Τοιαῦτα
1324 5686 1425 5757 μὲν
1453 5687 1501 5739 οἱ
1530 5687 1589 5740 ὲν
1631 5686 1783 5742 Διδυο

207 5779 457 5854 μοιτείχῳ
479 5779 827 5850 ἀντέγραψαν
857 5777 1190 5846 ,Ἆποκαύχῳ
1231 5777 1308 5848 τῷ
1329 5776 1558 5856 ,μεγάλῳ
1584 5777 1734 5832 δουκί
1765 5795 1779 5810 -

572 5874 844 5937 Ριτιιοι.
881 5873 996 5934 Gn.
1042 5870 1250 5934 CLIII.

1875 883 2203 953 quibusdam
2257 891 2314 936 et
2379 868 2594 934 eximiis
2661 879 3000 950 ornamentis
3057 879 3362 930 cumularet
3409 894 3426 931 :

1873 989 2106 1043 quorum
2158 973 2523 1044 praestantiam
2576 986 2701 1025 cum
2740 985 2840 1024 nec
2876 969 2991 1040 ipse
3039 983 3228 1036 posses
3260 967 3423 1033 ferre,

1872 1065 2134 1118 adversus
2179 1079 2305 1118 eum
2365 1063 2460 1134 qui
2513 1070 2562 1116 te
2610 1061 2910 1118 secundum
2947 1061 3116 1116 Deum
3160 1061 3428 1129 quodam-

1875 1155 2036 1208 modo
2079 1154 2255 1217 tinxit,
2306 1163 2360 1207 ct
2406 1153 2473 1216 de
2521 1163 2763 1220 stercore
2809 1151 3008 1214 erexit,
3055 1150 3204 1205 velut
3261 1152 3425 1203 Satan

1873 1255 2067 1301 contra
2095 1248 2266 1301 Deum
2287 1262 2434 1299 arma
2463 1245 2705 1318 movisti,
2733 1260 2858 1300 cum
2885 1245 3162 1312 subjectos
3192 1244 3246 1296 in
3274 1243 3426 1298 illum

1882 1339 2244 1400 eaacerbasti,
2297 1337 2500 1407 specie,
2556 1335 2712 1404 quasi
2754 1335 2865 1388 illis
2919 1335 3255 1404 consuleres,
3303 1348 3428 1386 cum

1876 1444 2066 1486 revera
2118 1429 2351 1498 salutem
2385 1427 2518 1496 ipsis
2551 1435 2606 1479 et
2658 1425 3085 1480 incolumitatem
3134 1423 3427 1478 invideres.

1876 1521 1943 1574 Et
1971 1536 2119 1574 nunc
2152 1520 2204 1572 in
2238 1519 2527 1589 propatulo
2569 1527 2673 1582 est,
2713 1518 2988 1588 quomodo
3023 1516 3262 1580 humano
3300 1529 3426 1566 san-

1871 1611 2039 1679 guine
2102 1626 2296 1676 omnes
2363 1611 2732 1663 Itonianor‘um
2802 1607 3053 1670 civitates
3110 1605 3428 1672 replet-eris.

1874 1701 2156 1765 Carceres,
2185 1685 2436 1770 quamvis
2477 1701 2648 1772 multo
2680 1700 2882 1768 plures,
2919 1712 3081 1765 quam
3116 1704 3294 1758 erant,
3334 1695 3433 1749 abs

1878 1802 1930 1848 te
1978 1793 2280 1848 constructi
2325 1793 2458 1854 sint,
2507 1791 2812 1844 vinctorum
2866 1787 3272 1846 multitudinem
3324 1802 3431 1839 non

1881 1881 2126 1950 capiunt.
2182 1882 2405 1950 Rapina
2470 1890 2526 1953 et
2581 1880 2946 1948 direptiones,
3004 1879 3220 1947 aliaque
3294 1879 3432 1931 mala

1879 1973 2164 2028 innumera
2194 1973 2442 2041 quotidie
2493 1972 2548 2026 in
2585 1971 2816 2024 urbibus
2855 1970 3068 2022 nefarie
3102 1976 3432 2037 perpetran-

1879 2072 1989 2118 tur.
2020 2063 2234 2132 Ubique
2265 2063 2536 2131 laerymaa,
2574 2061 2777 2129 ubique
2820 2059 3076 2128 gemitus,
3102 2067 3174 2123 et
3221 2057 3312 2125 qui
3349 2055 3435 2108 his

1879 2160 2054 2214 vacet,
2085 2149 2269 2202 nullus
2304 2147 2595 2216 reperitur.
2638 2144 2742 2199 Sed
2771 2143 3233 2214 quemadmodum
3278 2156 3438 2195 caco-

1879 2241 2087 2296 dzemon
2156 2241 2267 2296 Deo
2339 2237 2706 2313 deditissimos
2755 2235 3219 2301 sanctimoniaque
3270 2247 3433 2299 supra

1878 2332 2018 2388 alios
2043 2331 2354 2386 eminentes
2400 2327 2507 2382 sibi
2539 2325 2936 2396 oppugnandos
2975 2325 3166 2387 sumit,
3203 2331 3434 2378 caeteros

1880 2423 2104 2494 negligit
2137 2439 2151 2476 :
2187 2424 2260 2475 ita
2306 2435 2437 2474 sane
2485 2428 2543 2473 tu
2597 2433 2816 2487 quoque
2871 2432 2969 2486 per
3021 2429 3211 2468 omnes
3270 2414 3437 2466 urbes

1879 2511 2141 2580 optimum
2183 2522 2455 2580 quemque
2492 2515 2549 2560 et
2611 2505 2744 2559 recti
2786 2503 3176 2571 intelligentem
3224 2501 3440 2567 disper-

1881 2599 2040 2662 dens,
2067 2609 2124 2654 et
2158 2597 2530 2652 inhumaniter
2562 2595 2881 2654 concidens,
2916 2592 3084 2661 vulgi,
3123 2599 3184 2645 ut
3228 2591 3353 2644 vilis
3381 2599 3438 2644 et

1881 2691 2101 2762 abiecti,
2139 2691 2409 2744 rationem
2461 2687 2667 2740 nullam
2701 2686 2858 2739 ducis
2893 2695 3123 2752 :postea
3161 2682 3291 2736 illud
3341 2691 3438 2736 aut

1880 2796 1947 2834 ex
1992 2779 2286 2832 timiditate
2334 2786 2392 2830 et
2439 2774 2712 2845 imperitia
2762 2773 2996 2827 bellandi
3045 2781 3140 2825 tua
3184 2770 3438 2824 Barbaris

1881 2871 2219 2941 objecturus,
2244 2878 2339 2921 aut
2368 2867 2485 2936 ipse
2521 2865 2785 2935 paulatim
2811 2863 3150 2932 perditurus,
3188 2863 3441 2915 omnino-

1881 2977 1988 3030 que
2037 2973 2382 3014 communem
2448 2955 2681 3028 Romani
2736 2953 2950 3030 generis
3008 2953 3437 3029 internecionem

1885 3048 2241 3111 machinaris,
2275 3047 2380 3100 nisi
2426 3046 2568 3099 Deus
2602 3043 3053 3116 misanthropiam
3096 3052 3242 3096 tuam
3287 3045 3440 3098 dcte-

1807 3178 1850 3238 c
1885 3152 2061 3196 status
2108 3138 2479 3211 prohibuerit.
2533 3137 2838 3206 Imperator
2881 3147 3062 3208 autem
3106 3135 3441 3190 Cattlacuze-

1881 3248 2007 3295 nus,
2056 3241 2247 3286 noster
2287 3245 2350 3284 ac
2392 3238 2519 3283 tuus
2565 3228 2841 3292 dominus,
2892 3228 3141 3297 quamvis
3191 3230 3345 3296 plura
3384 3233 3440 3280 et

1880 3323 2181 3387 deteriora,
2244 3331 2302 3374 ut
2339 3335 2532 3376 servus
2579 3320 3056 3384 sceleratissimus,
3112 3318 3438 3388 designaris,

1879 3425 2157 3484 acceptam
2205 3429 2237 3468 a
2291 3413 2591 3484 majoribus
2641 3412 2757 3465 suis
2798 3411 3024 3480 gloriam
3077 3426 3248 3478 usque
3294 3425 3440 3463 nunc

1879 3528 2001 3566 cuni
2034 3509 2297 3584 modestia
2341 3510 2716 3579 gravitateque
2756 3521 2968 3558 murum
3023 3512 3335 3580 conservat,
3385 3514 3442 3556 et

1882 3603 2249 3674 Romanorum
2297 3600 2681 3672 universorum
2725 3596 2904 3651 adhuc
2937 3596 3062 3650 vivo
3111 3597 3440 3663 imperatore

1883 3693 2159 3760 princeps,
2199 3690 2375 3744 nihilo
2407 3688 2588 3742 minus
2631 3687 2796 3741 etiam
2829 3700 2976 3739 nunc
3010 3685 3306 3752 imperator
3334 3695 3440 3738 est.

1881 3782 1981 3837 Cui
2027 3784 2070 3837 si
2113 3781 2244 3851 quid
2295 3780 2505 3852 tristius
2551 3778 2772 3843 accidit,
2821 3778 2955 3830 nihil
2999 3792 3233 3840 novum;
3275 3777 3442 3829 multa

1882 3877 2029 3938 enim
2100 3887 2166 3927 ex
2220 3871 2379 3942 503
2426 3880 2740 3938 antegresso
2811 3879 3055 3936 tempore
3128 3867 3441 3936 hujnsmodi

1881 3961 2125 4032 exempla
2179 3945 2532 4028 colliguntur.
2583 3958 2694 4012 Nos
2742 3958 3005 4025 integram
3055 3972 3121 4011 ac
3172 3959 3440 4032 sinceram

1883 4040 2044 4105 iidem
2099 4065 2205 4104 non
2247 4051 2350 4118 ipsi
2394 4049 2568 4118 solum
2622 4048 2848 4110 viventi,
2892 4047 2986 4101 sed
3039 4055 3159 4116 post
3203 4029 3438 4109 obitum,

1885 4142 2016 4215 item
2046 4142 2172 4196 (iliis
2193 4143 2314 4213 ejus
2338 4141 2720 4211 praestabimus
2745 4158 2758 4193 :
2784 4157 2884 4195 nec
2913 4141 3178 4194 bonorum
3212 4141 3443 4209 promis-

1883 4233 1989 4312 sio,
2042 4248 2143 4308 nec
2200 4232 2466 4304 malorum
2514 4232 2761 4296 inllictio,
2813 4247 2915 4286 nec
2952 4232 3098 4285 aliud
3139 4233 3438 4305 quidquam

1885 4326 2130 4398 omnium
2165 4339 2196 4378 a
2219 4384 2225 4390 ,
2249 4311 2353 4378 lide
2385 4333 2441 4378 et
2478 4324 2746 4378 charitate
2777 4323 2922 4378 illius
2959 4339 3058 4378 nos
3087 4325 3436 4378 abstraxerit.

1886 4414 2039 4469 Tuus
2063 4423 2247 4492 autem
2276 4414 2435 4470 labor
2464 4424 2772 4469 revertetur
2807 4416 2861 4469 in
2885 4425 3049 4484 caput
3080 4425 3254 4474 tuum.
3291 4425 3346 4469 et
3386 4416 3443 4470 in

1813 4507 2147 4578 querticem
2201 4516 2353 4584 tuum
2406 4505 2668 4576 iniquitas
2718 4515 2808 4560 tua
2866 4506 3184 4560 descendet.
3259 4505 3440 4560 Habes

1887 4596 2111 4670 dignum
2174 4583 2284 4649 abs
2322 4596 2655 4668 te‘scriptis
2709 4611 3048 4667 responsum.
3108 4595 3444 4651 Tahellarios

1887 4700 2035 4762 nunc
2057 4683 2280 4761 quidem
2309 4685 2541 4738 intactos
2563 4685 2895 4750 dimisimus,
2913 4687 3091 4754 legum
3115 4688 3441 4754 reverentia,

1887 4774 2086 4844 quibus
2117 4773 2224 4828 illis
2255 4783 2503 4827 cavetur.
2554 4773 2610 4826 Si
2658 4773 2751 4827 alii
2782 4775 3224 4842 superveneriut,
3267 4779 3444 4831 Sciant

1887 4852 1948 4920 se
1999 4867 2117 4920 sine
2148 4865 2318 4935 plagis
2357 4865 2732 4934 supplicioque
2769 4849 3040 4934 condigno
3080 4865 3228 4918 baud
3260 4867 3444 4920 abitu-

1891 4942 2004 5009 ros.
2036 4954 2159 5010 Hmc
2178 4955 2270 5024 qui
2300 4964 2455 5008 erant
2481 4954 2864 5026 Didymotichi,
2899 4951 3226 5024 Apocaucho
3248 4970 3444 5025 magno

1887 5044 2014 5099 duci
2066 5043 2496 5114 responderunt;
2555 5044 2756 5115 quibus
2805 5044 2896 5099 ille
2941 5045 3221 5116 perlectis,
3276 5049 3444 5104 multa

1887 5136 2126 5190 minatus
2184 5134 2501 5206 Byzantium
2543 5134 2912 5203 abnavigavit,
2941 5135 3043 5208 ubi
3074 5151 3105 5190 a
3135 5136 3444 5204 patriarcha

1885 5238 1942 5283 et
1986 5227 2289 5298 coniuratis
2328 5242 2452 5280 cum
2497 5225 2788 5296 geminatis
2851 5227 3133 5296 plausibus
3159 5236 3213 5282 et
3241 5244 3446 5298 praeco-

1885 5320 2013 5385 niis,
2064 5327 2125 5372 ut
2172 5318 2265 5388 qui
2320 5317 2581 5390 praeclare
2634 5318 2915 5390 implesset
2971 5299 3128 5374 ducis
3207 5319 3443 5376 ollicium

1881 5408 2436 5478 Cantacuzenumque
2469 5389 2713 5470 vicisset,
2743 5418 3006 5484 exceptus
3047 5420 3150 5464 est.
3195 5409 3299 5477 Qui
3325 5389 3440 5481 jam

1883 5511 2110 5572 propter
2137 5501 2362 5554 ductum
2413 5499 2717 5556 exercitum
2753 5500 3010 5572 superbia
3053 5501 3324 5573 turgidus,
3356 5519 3445 5560 rc-

1883 5609 2003 5666 rum
2050 5606 2276 5647 summai
2311 5591 2393 5647 sic
2431 5606 2666 5668 praéesse
2712 5591 3033 5676 incipiebat,
3081 5603 3139 5647 ut
3173 5590 3448 5651 rationem

1884 5688 2088 5743 nullam
2130 5687 2360 5742 referret
2389 5705 2403 5742 :
2430 5669 2801 5762 siniulareque
2827 5669 3089 5756 lamplius
3118 5695 3173 5743 et
3212 5688 3438 5742 consul.

1883 5792 2018 5849 tare,
2050 5779 2108 5833 ut
2143 5777 2379 5843 inutilia,
2424 5794 2716 5852 spernens,
2763 5796 2862 5852 pro
2910 5781 3140 5836 libidine
3183 5778 3438 5852 iaciebat.
