3962 6564
233 421 336 484 9’3

1362 413 1905 501 lllSTOBlARUM
1948 414 2178 474 LlBElt
2224 415 2342 475 Ill.

3369 416 3480 485 ντὶ

231 534 325 586 καὶ
347 531 555 591 πάντας
593 526 729 596 ὁμοῦ
773 530 866 580 καὶ
916 526 1023 599 ίόίᾳ
1051 527 1283 581 ἕκαστον
1313 529 1408 581 καὶ
1446 529 1548 596 τὴν
1578 526 1796 582 σύνεσιν

1901 525 2242 594 οοιιειιίοψιο
2275 529 2468 595 possit,
2519 526 2637 595 ipso
2687 526 2851 581 etiam
2903 527 3046 583 facto
3096 525 3476 583 demonstrare

231 625 323 675 καὶ
372 620 470 691 τὴν
531 621 819 673 εὐϐουλίαν
858 619 1273 675 ἐπιδείκνυσθαι
1304 620 1502 692 χρεὼν,
1560 621 1654 674 καὶ
1706 620 1798 673 ἐπὶ

202 713 335 772 ’τοῖς
382 709 566 777 ἔργοις
619 710 907 776 φαίνεσθαι
954 710 1216 778 ὁμοίουςο
1255 710 1330 772 ώς
1386 709 1455 764 ἂν
1506 709 1693 763 ὀπῶσι
1730 710 1800 762 τὰ

231 805 531 870 πράγματα
578 803 687 853 τῶν
716 802 891 869 λόγων
923 803 1153 856 οὐδένων
1197 802 1387 856 ὄντων.
1442 800 1524 854 Τὰ
1571 801 1670 870 μεν
1707 798 1800 853 οὖν

227 895 363 962 ἔργα
410 892 637 963 ὕστερον
685 893 1070 963 ὲπιδειξόμεθα
1128 894 1293 963 ἡνίκα
1338 894 1404 947 ἂν
1433 894 1556 966 δέῃ.
1586 893 1801 946 Νυνὶδὲ

226 987 523 1053 ἀναγκαῖον
543 985 694 1053 γνώιλ
705 1003 771 1053 ην
802 986 1038 1038 ἕκαστον
1061 980 1355 1059 εἰσάγεινῇ
1377 987 1484 1057 χρὴ
1516 986 1801 1056 τραπομέ-

225 1096 371 1143 νους,
403 1081 543 1151 σφᾶς
598 1096 661 1132 τε
696 1080 896 1141 αὐτοὺς
945 1082 1040 1132 καὶ
1075 1080 1175 1150 τὴν
1206 1080 1375 1148 ἄλλην
1405 1080 1561 1132 πόλιν
1592 1078 1799 1132 διασώ-

226 1171 366 1235 ζειν.
399 1172 474 1224 Οὐ
508 1174 620 1242 γὰρ
664 1174 963 1243 ἡσυχάσειν
1014 1171 1199 1239 οίομαι
1255 1171 1797 1241 παρακοιμώμενον,

221 1265 362 1318 ἀλλὰ
387 1266 594 1335 ταχέως
621 1267 754 1335 ἡμῖν
787 1267 1259 1335 ἐπιστρατεύσειν,
1288 1267 1404 1334 εῐγε
1433 1265 1605 1330 δντως
1625 1267 1801 1337 ἀληθῆ

230 1358 299 1411 τὰ
342 1358 474 1427 περὶ
507 1356 773 1426 βασιλέως
822 1357 910 1424 εἴη
947 1359 1257 1437 ἐίρημένα.
1306 1358 1538 1428 Ἀσάνης
1570 1360 1669 1429 μὲν
1698 1358 1792 1415 οὖν

222 1446 449 1500 τοιαῦτα
481 1444 762 1499 επαύσατο
812 1444 1003 1499 είπών.
1035 1445 1447 1514 Κομιτόπουλος
1496 1445 1554 1499 δὲ
1603 1446 1801 1500 αὐτίκα

221 1536 329 1589 ύπδ
354 1535 664 1606 προθυμίας
715 1536 814 1589 καὶ
841 1536 942 1605 τῆς
973 1537 1106 1606 περὶ
1140 1536 1368 1607 βασιλέα
1402 1538 1618 1601 εὐνοίας
1650 1555 1803 1606 κινη·

221 1627 360 1690 θεὶς,
386 1629 627 1690 ἀναστὰς
661 1628 953 1698 παρελθὼν
998 1632 1080 1693 είς
1137 1630 1360 1698 μέσους,
1395 1630 1546 1697 ἔλεξε
1575 1631 1751 1684 τοιάδε
1781 1644 1798 1662 ⁸

219 1720 426 1773 οὐδένα
486 1721 643 1790 ὑμῶν
675 1722 791 1774 ὅσοι
832 1722 1079 1791 πάρεστε
1111 1722 1209 1774 νῦν
1242 1722 1426 1791 οἴομαι
1458 1726 1695 1789 ἀγνοεῖν,
1723 1727 1819 1791 ὡς

222 1813 494 1881 βαὶιλέως
527 1812 606 1866 ἔτι
655 1815 941 1883 περιόντος
969 1814 1065 1868 τοῦ
1100 1815 1399 1883 μακαρίου,
1428 1817 1542 1879 τοῖς
1577 1816 1801 1879 οἰκείοις

1902 629 2156 687 oportet;
2192 624 2358 672 verba
2402 619 2576 684 enim,
2608 618 2656 672 si
2684 618 2822 673 facta
2866 607 3069 681 desin‘t,
3104 618 3238 672 nihil
3273 620 3473 675 valent.

1902 709 2007 765 Sed
2028 710 2095 763 ad
2122 710 2261 762 facta
2292 720 2501 778 postea.
2528 709 2747 778 quando
2779 724 2916 778 opus
2947 710 3131 774 fuerit,
3164 712 3472 777 veniemus.

1903 799 2230 868 lnprwsens
2281 800 2483 869 singuli
2540 802 2872 855 sententiam
2920 802 3198 871 explicare
3250 806 3472 869 debent,

1901 891 2032 960 quid
2051 906 2297 960 agamus,
2329 902 2390 946 ut
2418 906 2514 946 nos
2540 891 2689 960 ipsos
2713 894 3091 964 reliquamque
3124 896 3315 950 urbem
3348 913 3479 950 con-—

1902 1000 2207 1039 servemus.
2237 985 2453 1040 Etenim
2484 984 2725 1039 cubiculi
2758 988 3077 1056 praefectum
3113 1004 3222 1042 non
3257 1006 3327 1058 qn
3355 1002 3477 1044 ctu-

1909 1092 2056 1139 rum,
2092 1076 2252 1147 505
2307 1078 2402 1131 sed
2455 1079 2770 1148 propediem
2827 1081 3100 1136 Ιιυειίίίιειι⁸
3144 1083 3198 1137 in
3234 1100 3336 1137 tuos
3373 1093 3482 1138 ίιιιο

1902 1182 2023 1219 rum
2056 1168 2317 1221 existimo
2346 1184 2362 1222 :
2398 1168 2565 1221 modo
2597 1169 2758 1238 plane
2783 1180 2934 1224 certa
2968 1175 3100 1234 sint,
3129 1189 3249 1241 quis
3282 1173 3350 1227 de
3378 1174 3479 1226 im-

1903 1270 2156 1326 peratore
2185 1271 2501 1313 narrantur.
2531 1261 2627 1315 His
2658 1261 2823 1316 dictis
2851 1265 3059 1318 Amnes
3089 1264 3480 1320 tacuit.Comi-

1912 1353 2154 1419 tepulus,
2189 1368 2299 1422 quo
2324 1362 2444 1407 erat
2493 1353 2677 1408 studio
2710 1353 3058 1423 imperatoris
3107 1356 3384 1421 incensus,
3422 1359 3476 1412 in

1903 1443 2144 1496 medium
2181 1443 2463 1513 prodiens.
2497 1444 2646 1499 hunc
2677 1446 2730 1499 in
2762 1447 2982 1499 modum
3030 1447 3292 1503 disseruit
3323 1469 3337 1503 :
3369 1449 3478 1504 Nc-

1902 1548 2107 1586 minem
2142 1549 2244 1604 ego
2295 1543 2564 1601 vestrum,
2610 1544 2880 1606 quotquot
2899 1538 3127 1602 adestis,
3168 1538 3358 1609 fugere
3392 1556 3480 1592 ar—

1906 1624 2102 1680 bitror.
2148 1640 2236 1678 me
2267 1624 2613 1693 imperatoris
2640 1628 2815 1682 beatae
2852 1629 3250 1683 recordationis
3280 1631 3478 1685 dome-

1903 1716 2127 1775 sticum.
2149 1723 2207 1769 et
2232 1715 2457 1783 quidem
2476 1716 2706 1770 charum
2726 1717 2827 1782 illi,
2853 1727 3251 1789 acceptumque
3275 1720 3476 1784 fuisse;

1903 1821 2007 1859 nec
2066 1807 2298 1860 vicissim
2352 1823 2381 1859 a
2432 1822 2520 1862 me
2567 1808 2585 1877 {
2630 1818 2897 1878 quantum
2949 1811 3172 1879 quidem
3217 1822 3479 1881 praestare

220 1877 689 1973 συνεξηταζόμην,
721 1877 815 1958 καὶ
847 1909 957 1969 τοῖς
976 1877 1177 1976 πολλῆς
1195 1877 1328 1976 παρ’
1354 1877 1565 1962 ἐκείνου
1590 1910 1680 1962 καὶ

1906 1897 2082 1966 potui)
2114 1898 2413 1967 quidquam
2448 1899 2500 1952 in
2531 1877 2719 1954 amore
2759 1917 2789 1955 a
2816 1877 2990 1971 probo
3021 1877 3284 1971 fidelique
3317 1918 3480 1956 senm

217 1994 511 2060 εὐμενείας
545 1996 882 2048 ἀπολαύουσι
918 1998 1014 2049 καὶ
1042 1996 1142 2065 τῆς
1187 1998 1446 2067 προνοίας
1467 2015 1481 2030 ο
1511 2002 1607 2055 καὶ
1636 2003 1802 2065 αὐτὸς

218 2085 278 2137 δὲ
317 2087 471 2138 οὐδὲν
517 2086 807 2153 ἀπέλιπον,
834 2088 897 2141 τό
941 2104 1005 2155 γε
1033 2090 1113 2150 εἰς
1137 2090 1239 2158 ἐμὲ
1273 2085 1428 2159 ἧκον,
1471 2089 1566 2144 τοῦ
1598 2091 1674 2161 μὴ
1702 2094 1802 2169 τὴν

220 2172 611 2241 προσήκουσαν
651 2171 871 2226 εὔνοιαν
921 2173 1228 2243 εὐγνώμονι
1260 2175 1435 2245 δούλῳ
1488 2179 1798 2232 ἐπιδείκνυ-

222 2262 373 2314 σθαι.
416 2262 491 2314 οὐ
540 2261 648 2330 μὴν
679 2262 768 2314 διὰ
799 2264 860 2315 τὸ
892 2265 1103 2326 ἐκεῖνον
1151 2264 1210 2329 ἐξ
1246 2266 1551 2337 ἀνθρώπων
1586 2271 1804 2337 γεγονέο

218 2371 311 2406 ναι
341 2355 459 2406 νυνὶ
491 2353 835 2423 μεταϐαλὼν,
871 2359 984 2419 τοῖς
1015 2358 1229 2409 ἐκείνου
1265 2359 1424 2412 παισὶ
1468 2359 1581 2414 δεῖν
1624 2362 1800 2429 ἔγνων

220 2447 481 2512 πολεμεῖν
504 2462 519 2475 °
544 2446 683 2501 ἀλλὰ
722 2448 822 2517 τὴν
848 2446 1041 2517 ὁμοίαν
1068 2448 1298 2519 γνώμην
1332 2450 1430 2503 καὶ
1455 2450 1551 2504 νῦν
1575 2453 1657 2505 ἔτι
1686 2453 1802 2505 δια-

217 2539 398 2608 τηρῶ.
442 2538 617 2607 Ὀρῶν
654 2537 712 2590 δὲ
766 2538 991 2604 βασιλέα
1037 2540 1139 2608 μιν
1196 2540 1287 2592 τὸν
1344 2542 1802 2613 Καντακουζηνὸν

216 2626 415 2678 δίκαια
447 2628 541 2677 καὶ
576 2625 827 2695 λυσιτελῆ
868 2629 981 2688 τοῖς
1008 2629 1170 2680 παισὶ
1220 2627 1484 2697 βασιλέως
1522 2632 1799 2701 ᾑρημένον

219 2719 512 2787 πράττειν,
558 2719 907 2788 ’Δπόκαυχον
935 2719 993 2771 δὲ
1022 2720 1112 2772 τὸν
1139 2722 1637 2791 παρακοιμώμενον
1672 2724 1802 2776 πολ-

219 2811 324 2871 λὰς
354 2813 472 2864 κατ’
494 2812 661 2865 αὐτοῦ
689 2810 945 2875 διαὸολὰς
966 2814 1061 2866 καὶ
1081 2814 1448 2884 συκοφαντίας
1471 2831 1798 2869 συνεσκευα-

218 2903 381 2968 κότα,
424 2909 520 2956 καὶ
562 2902 755 2966 ἄλλους
802 2905 1365 2975 προσεταιρισάμενον
1394 2907 1796 2978 πονηροτέρους

215 2995 546 3065 ἀνθρώπους
577 2977 671 3048 καί
696 2994 1078 3065 διεφθορότας,
1107 2997 1205 3050 καὶ
1238 2996 1484 3066 βασιλίδα
1523 2977 1801 3068 ἐξηπατη-

218 3089 413 3151 κότας,
445 3089 541 3142 καὶ
578 3090 790 3145 τουτονὶ⁸
832 3089 926 3143 τὸν
971 3088 1210 3154 πόλεμον
1234 3089 1328 3143 τὸν
1372 3089 1586 3161 μυρίων
1618 3091 1797 3143 αῐτιον

220 3178 418 3231 κακῶν
467 3177 563 3230 νῦν
594 3193 655 3230 τε
687 3176 818 3247 ἄχρι
872 3175 1266 3247 γεγενημένον,
1297 3179 1392 3231 καὶ
1429 3178 1511 3231 ἔτι
1535 3178 1798 3233 πλειόνων
1827 3210 1866 3263 C

221 3269 489 3338 ἐσόμενον
542 3267 723 3337 πολλῷ
761 3270 1149 3340 κεκινηκότας,
1193 3271 1243 3321 εί
1303 3272 1380 3339 μὴ
1417 3270 1550 3332 Θεὸς
1592 3269 1799 3325 ἄνωθεν

221 3361 584 3425 κατασϐέσει,
627 3360 873 3429 ἐμίσησα
901 3375 962 3411 τε
1018 3361 1120 3429 τὴν
1166 3358 1433 3430 πονηρίαν
1474 3361 1676 3428 αὐτῶν,
1707 3362 1802 3415 καὶ

217 3451 440 3521 βασιλεί
480 3450 683 3521 μᾶλλον
708 3450 903 3519 εκρινα
947 3449 1158 3503 δίκαιον
1184 3453 1496 3521 προσέχειν,
1517 3452 1592 3516 ώς
1613 3453 1803 3509 δίκαιᾶ

214 3560 280 3595 τε
313 3544 431 3613 ἅμα
484 3545 580 3596 καὶ
630 3541 895 3611 βασιλέως
942 3543 1055 3606 τοῖς
1091 3542 1253 3606 παισὶ
1298 3546 1672 3613 συμφέροντα,
1704 3548 1801 3600 καὶ

215 3637 393 3688 πᾶσιν
437 3633 569 3705 δμοῦ
636 3632 930 3704 Ῥωμαίοις
979 3634 1362 3706 διανοουμένῳ.
1428 3638 1564 3690 Νυνὶ
1618 3638 1677 3691 δὲ
1724 3639 1800 3701 th;

217 3724 503 3795 ἀκούομεν
533 3725 816 3788 δυσκόλοις
868 3726 1060 3795 τύχαις
1092 3726 1300 3778 ἐκείνου
1326 3728 1679 3798 χρησαμένου
1712 3729 1801 3783 διὰ

215 3818 336 3870 τῶν
392 3818 659 3871 συνόντων
691 3818 792 3887 τὴν
821 3817 1162 3870 ἀποστασίαν
1187 3821 1283 3871 καὶ
1311 3821 1448 3888 πρὸς
1476 3818 1564 3871 τὸν
1595 3822 1800 3890 Τριϐα-

217 3910 339 3962 λῶν
377 3908 644 3976 δυνάστην
670 3910 999 3977 ἀφιγμένου,
1031 3910 1092 3961 ού
1120 3910 1330 3963 δίκαιον
1361 3912 1510 3979 ἡμᾶς
1560 3927 1802 3965 καταπε-

220 4002 344 4057 σεῖν
365 3999 533 4064 ..οὐδὲ
558 3999 696 4067 πρὸς
723 4001 944 4062 στάσεις
970 4000 1065 4052 καὶ
1114 4000 1379 4070 διαφορὰς
1409 4002 1796 4071 χωρήσαντας,

218 4091 585 4161 ἀνδραπόδων
614 4090 772 4162 δίκην
799 4092 941 4160 σφᾶς
971 4091 1169 4154 αὐτοὺς
1192 4093 1307 4172 τοῖς
1329 4091 1610 4161 πολεμίοις
1633 4110 1800 4146 κατα-

216 4181 557 4253 προδοῦναιο
608 4182 756 4236 ,ἀλλὰ
810 4186 1328 4253 συμφρονήσαντας,
1368 4183 1564 4253 ὅρκους
1613 4183 1799 4236 δοῦναι

219 4273 462 4343 βασιλίδι
490 4272 587 4327 καὶ
630 4272 906 4343 ἀλλήλοις,
935 4269 972 4343 ἦ
1001 4274 1110 4343 μὴν
1144 4274 1348 4344 μηδένα
1384 4276 1519 4344 μήτε
1561 4274 1630 4328 δι’
1661 4277 1802 4344 ἀγα-

218 4363 340 4416 θῶν
368 4362 583 4416 πολλῶν
605 4362 960 4431 ἑπαγγελίαν,
999 4366 1140 4434 μήτε
1168 4364 1238 4417 δι’
1259 4365 1557 4436 ἐπαγωγὴν
1586 4366 1800 4419 πολλῶν

214 4453 439 4516 δεινῶν,
470 4452 504 4522 ἦ
542 4452 776 4522 βασιλίδι
838 4454 933 4506 καὶ
992 4454 1202 4517 παισὶν,
1227 4454 1261 4524 ἦ
1291 4454 1545 4524 ἀλλήλοις
1580 4456 1802 4510 ἐπιδου-

1904 1987 2133 2042 domino
2151 2003 2252 2042 suo
2282 1990 2623 2045 remetiendo
2646 1992 3078 2059 praetermissum
3104 1993 3351 2049 memini.
3371 1994 3481 2049 Nec

1903 2079 2031 2147 quia
2064 2080 2152 2133 ille
2181 2081 2249 2133 ab
2268 2079 2585 2136 hominibus
2613 2083 2769 2147 abiit,
2803 2098 2902 2148 ego
2931 2084 3074 2140 alius
3108 2086 3307 2150 factus,
3332 2086 3478 2140 illius

1907 2170 2035 2225 filiis
2068 2172 2270 2227 bellum
2326 2172 2528 2228 inferre
2556 2175 2799 2240 decrevi,
2835 2176 2932 2231 sed
2956 2180 3203 2233 eamdem
3237 2188 3475 2234 mentem

1903 2262 2069 2317 etiam
2100 2278 2249 2317 nunc
2277 2278 2426 2333 gero.
2458 2263 2595 2319 Cum
2630 2274 2816 2321 autem
2849 2268 3301 2333 animadvertam,
3329 2270 3475 2325 Can-

1905 2361 2171 2407 tacuzeno
2220 2358 2563 2423 propositum
2599 2372 2720 2411 esse
2751 2373 2816 2412 ea
2846 2361 3125 2428 persequi,
3159 2377 3280 2431 quis
3311 2375 3413 2416 nec
3448 2380 3475 2412 ει

1897 2442 2116 2513 iustitia
2148 2444 2348 2505 aliena,
2375 2454 2434 2500 et
2461 2446 2571 2500 illis
2603 2448 2761 2503 utilia
2817 2452 2949 2515 sint,
3004 2463 3194 2507 contra
3222 2456 3478 2523 Apocau-

1902 2535 2065 2588 chum
2093 2536 2332 2591 cubiculi
2354 2537 2668 2605 prmfectum
2697 2541 2899 2596 multas
2932 2543 2985 2597 in
3016 2560 3142 2599 eum
3170 2548 3476 2605 calumnias

1901 2637 1957 2679 et
2005 2627 2391 2696 sycophantias
2446 2631 2766 2698 censuisse,
2804 2634 3057 2704 aliosque
3109 2639 3358 2707 impuros
3412 2660 3479 2697 ae

1901 2719 2199 2772 secti-ratos
2247 2723 2637 2790 assumpsisse,
2689 2725 2863 2793 quiet
2891 2728 3190 2797 Augustam
3235 2732 3476 2787 circum-

1876 2806 2265 2879 ‘scripserunt,
2316 2823 2375 2867 et
2432 2814 2603 2869 hocce
2659 2815 2858 2869 bellum
2910 2818 3291 2888 incenderunt,
3329 2827 3475 2879 unde

1894 2901 2010 2970 jam
2036 2903 2187 2959 mille
2216 2905 2557 2961 calamitates
2587 2917 2746 2972 naue,
2777 2918 2834 2963 et
2864 2910 3050 2979 plures
3077 2912 3164 2969 his
3182 2917 3476 2972 nascitura:

1868 3008 2054 3060 .sunt,
2081 2997 2186 3050 nisi
2222 2996 2363 3053 Deus
2398 2999 2450 3051 in
2499 2999 2638 3053 cmlo
2673 3000 2724 3053 id
2756 3004 3115 3069 restinxerit,
3144 3021 3333 3061 eorum
3372 3010 3478 3062 im-

1901 3089 2229 3167 probitatem
2278 3099 2627 3156 exsecratus,
2684 3090 3130 3151 Cantacuzenum
3181 3099 3364 3166 potius
3418 3111 3475 3154 et

1902 3181 2081 3236 virum
2135 3182 2365 3247 justum,
2402 3192 2457 3237 ct
2486 3182 2732 3237 defuncti
2769 3184 3118 3253 imperatoris
3152 3190 3343 3246 liberis
3369 3194 3477 3250 Ro-

1904 3273 2193 3343 manisque
2224 3274 2503 3329 universis
2524 3276 2909 3332 consulentem
2962 3281 3097 3336 mihi
3129 3288 3473 3354 sequendum

1901 3364 2115 3420 censui.
2147 3363 2320 3429 Quem
2358 3380 2484 3420 cum
2533 3367 2696 3420 modo
2725 3365 2780 3420 in
2815 3369 3015 3424 misera
3043 3379 3100 3426 et
3126 3375 3323 3431 acerba
3364 3376 3478 3432 for-

1904 3468 2034 3511 tuna
2065 3473 2163 3511 sua
2200 3457 2414 3533 (utpote
2445 3472 2475 3511 ιι
2513 3457 2628 3512 suis
2661 3461 2964 3530 proditum)
3004 3462 3071 3515 ad
3107 3463 3475 3521 Triballorum

1901 3549 2206 3619 principem
2261 3546 2565 3617 profectum
2594 3550 2904 3614 audiamus,
2963 3554 3109 3609 haud
3142 3572 3357 3627 aequum
3392 3575 3478 3615 est

1902 3656 2005 3696 nos
2036 3641 2341 3704 labascere,
2372 3650 2429 3695 et
2458 3642 2526 3697 ad
2567 3643 2869 3698 seditiones
2890 3654 3054 3714 atque
3084 3647 3310 3703 dissidia
3343 3668 3479 3705 cun-

1902 3747 2094 3788 versos
2155 3748 2253 3801 pro
2320 3730 2609 3801 mancipiis
2662 3744 2879 3789 nosmet
2936 3736 3191 3793 hostibus
3243 3744 3478 3809 turpiter
3529 3796 3538 3805 ,

1901 3826 2121 3886 dedere,
2159 3823 2256 3878 sed
2278 3822 2478 3878 animis
2499 3825 2906 3881 consentientes
2927 3828 3260 3897 imperatrici
3305 3833 3479 3890 tronae

1900 3926 1964 3965 ac
1992 3910 2151 3964 nobis
2189 3920 2385 3964 mutuo
2440 3925 2784 3968 sacramenta
2840 3915 3050 3981 dicere,
3103 3920 3316 3974 nullum
3375 3938 3478 3976 no-

1900 4013 2077 4057 strum
2103 4017 2284 4069 neque
2316 4004 2588 4058 bonorum
2624 4005 2920 4060 multorum
2972 4009 3366 4078 pollicitatione
3413 4015 3478 4068 il-

1901 4092 2128 4156 lectum,
2153 4108 2334 4163 neque
2358 4093 2656 4148 multorum
2686 4096 2954 4159 malorum
2991 4100 3302 4159 invectlone
3326 4120 3477 4159 com-

1902 4184 2142 4252 pulsum,
2174 4184 2254 4240 illi
2283 4186 2512 4256 ejusque
2541 4186 2758 4246 liberis.
2782 4200 2879 4244 aut
2907 4191 3054 4247 inter
3096 4209 3198 4249 nos
3251 4196 3475 4252 insidia-

1901 4287 2097 4332 turos:
2133 4277 2230 4333 sed
2262 4278 2411 4333 omni
2445 4280 2659 4335 ratione
2690 4289 2746 4334 et
2801 4298 2908 4336 una
2949 4296 3133 4341 mente
3170 4288 3224 4342 in
3262 4291 3473 4345 hostem

1900 4379 2264 4439 pugnaturos,
2299 4370 2576 4440 ﬁdemque
2624 4387 2939 4442 germanam
2970 4391 3033 4430 ac
3064 4392 3253 4445 puram
3304 4379 3479 4450 impe-

1904 4463 2073 4515 ratori
2109 4470 2447 4519 servaturos.
2482 4462 2624 4531 Quin
2656 4465 2822 4519 etiam
2854 4479 3035 4522 certos
3086 4469 3342 4525 homines
3383 4487 3477 4525 ce-

214 4546 473 4598 λεύσειν’
507 4543 623 4597 ἀλλ’
648 4543 952 4611 ἀμύνεσθαι
998 4546 1184 4613 τρόπῳ
1244 4545 1410 4597 παντὶ
1466 4546 1592 4608 τοὺς
1642 4547 1800 4599 πολε-

1904 4551 2093 4607 leriter
2112 4551 2179 4606 ad
2210 4568 2339 4607 eum
2372 4554 2668 4609 mittendos
2716 4556 2931 4624 judico,
2968 4560 3059 4628 qui
3089 4559 3323 4615 doceant
3372 4579 3476 4617 nos

219 4641 391 4709 μίους
423 4637 554 4705 μίαν
580 4635 809 4707 γνώμην
837 4635 1085 4706 ἔχοντας,
1113 4639 1211 4689 καὶ
1250 4638 1349 4705 τὴν
1383 4637 1564 4691 πίστιν
1608 4639 1799 4692 ἄδολον

214 4734 322 4784 καὶ
362 4730 608 4799 καθαρὰν
638 4730 926 4798 φυλάττειν
957 4729 1190 4797 βασιλεῖ,
1228 4730 1466 4798 πέμπειν
1491 4730 1546 4783 δὲ
1578 4732 1674 4784 καὶ
1702 4732 1800 4800 τὴν

213 4822 491 4891 ταχίστην
546 4821 686 4893 πρὸς
724 4823 934 4874 ἐκεῖνον
982 4819 1206 4886 ἄνδρας,
1262 4821 1314 4872 οἳ
1368 4821 1692 4884 διδάξουσιν,
1724 4822 1800 4885 ώς

218 4917 390 4987 ἡμεῖς
420 4914 564 4985 ύπὶρ
590 4914 802 4969 ἐκείνου
825 4914 920 4987 καὶ
946 4913 1218 4979 φιλτάτων
1255 4913 1349 4966 καὶ
1383 4915 1483 4983 τῆς
1513 4914 1794 4979 γυναικὸς,

221 4984 408 5061 πάντα
436 4984 539 5059 και
555 5008 825 5075 πράττειν
846 4984 947 5059 καὶ
983 5005 1281 5075 ὑπομένειν
1314 5005 1640 5074 ἐγνώκαμεν
1670 5005 1799 5076 ἄχρι

221 5097 462 5161 παντός·
503 5097 571 5151 ἵν’
620 5098 896 5162 αι’δτόςτει⁴
941 5099 1127 5169 ἥδοιτο
1180 5097 1408 5153 τοιαῦτα
1452 5098 1584 5168 περὶ
1642 5098 1800 5167 ἡμῶν

217 5191 465 5255 ἁκούων,
504 5193 598 5244 καὶ
625 5194 657 5260 η
668 5194 759 5261 μίν
792 5190 994 5261 πολλὴν
1016 5190 1182 5261 είδείη
1219 5192 1379 5261 χάριν
1408 5192 1506 5258 τῆς
1535 5194 1614 5253 εἰς
1635 5191 1801 5243 αὐτὸν

220 5268 464 5346 εὐνοίας.
501 5282 640 5336 οὐδὲ
671 5281 782 5352 γὰρ
812 5282 1016 5353 μικράν
1052 5298 1177 5335 τινα
1205 5280 1414 5334 οἴεσθαι
1444 5282 1651 5334 ἐκεῖνον
1701 5280 1800 5350 τὴν

220 5379 365 5445 περὶ
380 5375 538 5444 ήμῶν
559 5375 816 5445 φροντίδα
839 5375 985 5443 ἔχειν
1006 5377 1114 5444 χρή
1134 5388 1150 5404 ·
1166 5373 1301 5427 ἀλλὰ
1316 5371 1528 5435 πολλοῖς
1552 5372 1802 5426 παλαίειν

218 5467 512 5536 λογισμοῖς
537 5466 939 5530 ὁποπτεύοντα,
970 5464 1164 5533 ὥσπερ
1191 5464 1363 5541 statim,
1411 5462 1487 5532 μὴ
1513 5465 1647 5533 πρὸς
1674 5464 1800 5527 τοὺς

219 5560 453 5627 ἀγῶνας
478 5558 912 5629 ἁποκνήσωμεν.
946 5557 1189 5610 Τοιαῦτα
1219 5555 1319 5624 μὲν
1341 5557 1370 5608 ό
1393 5556 1802 5625 Κομιτόπουλος

220 5648 382 5704 εἶπεν
407 5666 422 5679 ’
462 5649 626 5709 εὐθὺς
647 5650 705 5701 δὲ
739 5650 857 5717 μετ’
898 5650 1110 5702 ἐκεῖνον
1132 5650 1161 5700 δ
1186 5647 1469 5716 Βατάτζης
1507 5648 1695 5718 ἐπῄνει
1739 5666 1798 5701 τε

220 5744 298 5793 τὰ
352 5741 647 5813 εἰρημένα,
692 5741 788 5794 καὶ
819 5740 895 5803 ὡς
942 5739 1169 5809 μηδενὸς
1214 5739 1463 5792 ἐνδέοντα
1493 5744 1630 5807 μήτε
1666 5741 1797 5816 πρὸς

222 5831 447 5884 σύνεσιν
504 5833 641 5902 μήτε
701 5831 839 5900 πρὸς
893 5831 1210 5895 εύὸουλίαν,
1271 5831 1636 5899 ἐπεψηφίζετο
1705 5831 1798 5884 καὶ

1903 4657 2006 4711 pro
2036 4644 2176 4713 ipso,
2201 4643 2648 4714 charissimisque
2671 4648 2792 4717 ejus
2822 4649 2970 4715 filiis,
3003 4659 3059 4702 et
3097 4666 3264 4707 uxore
3286 4656 3481 4709 omnis!

1904 4749 2126 4804 semper
2155 4744 2212 4789 et
2228 4732 2426 4790 facere
2464 4745 2522 4790 et
2552 4738 2662 4805 pati
2695 4740 3049 4795 constituisse
3079 4759 3091 4794 :
3125 4752 3185 4795 ut
3210 4744 3279 4797 de
3314 4746 3472 4801 nobis

1902 4824 2020 4878 haec
2051 4824 2284 4879 audiens
2336 4826 2592 4893 lattetur,
2639 4828 2818 4897 deque
2875 4839 3026 4885 tanta
3089 4833 3473 4892 benevolentia

1903 4917 2107 4987 gratias
2134 4927 2281 4987 agat.
2322 4918 2435 4973 Nec
2457 4920 2604 4973 enim
2657 4935 2845 4989 parum
2876 4922 2945 4976 de
2968 4924 3130 4979 nobis
3172 4926 3470 4985 sollicitum

1902 5023 2024 5062 esse
2050 5008 2383 5063 credendum
2427 5017 2533 5072 est,
2565 5010 2662 5065 sed
2712 5012 2880 5066 variis
2914 5015 3238 5070 distractum
3267 5022 3473 5089 cogita-

1907 5099 2146 5154 tionibus
2198 5101 2507 5168 suspicari,
2576 5110 2633 5155 ut
2662 5111 2747 5156 est
2790 5104 3129 5172 verisimile,
3179 5124 3279 5166 nos
3320 5112 3472 5181 igna-

1902 5191 1989 5245 via
2029 5199 2311 5260 torpentes
2373 5201 2587 5246 certare
2642 5194 2879 5262 amplius
2913 5210 3022 5249 non
3057 5198 3280 5254 audere.
3332 5203 3472 5257 hac-

1909 5291 2070 5337 tenus
2105 5282 2503 5351 Comitopulus.
2535 5281 2710 5350 Quem
2741 5298 2869 5339 mox
2891 5286 3172 5356 excipiens
3200 5289 3466 5354 Batatzes,

1902 5371 2063 5443 506
2106 5379 2163 5427 et
2204 5372 2349 5427 dicta
2371 5371 2618 5437 laudare,
2658 5382 2713 5427 et
2747 5381 2807 5426 ut
2845 5374 3270 5442 prudentissima
3304 5394 3471 5451 atque

1902 5464 2304 5520 consultissima
2331 5464 2596 5535 εσσε-θεία
2618 5480 2719 5519 suo
2738 5467 3065 5535 approbare,
3093 5479 3149 5524 et
3156 5471 3481 5541 iuramenta

1902 5572 2114 5627 urgere.
2164 5556 2321 5613 lrcne
2378 5572 2511 5611 vero
2550 5558 2900 5628 impcratrix,
2951 5569 3008 5614 et
3039 5562 3248 5619 Asanes
3278 5563 3469 5629 frater,

1895 5647 2236 5717 Comitopuli
2268 5648 2712 5704 cohortationem
2744 5664 2812 5703 ex
2848 5648 3042 5706 divino
3087 5653 3273 5709 alllatu
3300 5658 3473 5711 exsti-

1903 5741 2035 5793 tisse
2072 5738 2198 5801 rati,
2230 5746 2292 5791 ut
2317 5741 2382 5792 ait
2416 5737 2790 5792 dimicandum
2820 5755 3013 5797 omnes
3032 5756 3295 5801 acuerent
3320 5762 3471 5816 ψει)-

1905 5841 2091 5900 pterea
2121 5829 2266 5897 quod
2299 5830 2391 5899 qui
2419 5830 2570 5900 prius
2603 5832 2839 5901 suspecti
2872 5844 3049 5901 erant,
3082 5844 3288 5892 tantam
3324 5855 3472 5896 nunc
