3962 6560
262 417 366 478 ιπ

1396 417 1937 480 HlS’l‘ORlARUM
1978 418 2208 478 LIBER
2241 418 2351 480 Ill.

3315 391 3318 394 ’
3410 417 3515 478 οτι

1619 550 1850 609 CAPUT
1894 547 2134 606 XLVIII.

263 645 606 716 Suburbanus
630 646 853 716 populus
885 648 939 700 in
979 646 1229 716 oppidum
1265 647 1490 716 insurgit
1525 664 1544 701 :
1579 646 1883 716 prasidium
1917 645 2165 716 erumpit,
2215 645 2416 716 liosteni
2455 643 2625 712 fugat.
2657 645 2748 716 qui
2779 659 2871 714 per
2893 645 3070 716 uarias
3109 645 3258 696 urbes
3311 645 3518 716 disper—

331 718 493 786 gitur.
519 712 680 769 Δῑιίεε
699 712 1074 786 destruantur.
1103 715 1350 786 Episcopi
1379 712 1682 786 vaticinium
1717 719 1922 786 evenit._
1941 712 2189 766 Proeeres
2215 712 2973 786 Triballospromissiauxilii
3007 715 3256 786 poenitet;
3287 715 3514 786 obsidem

330 783 504 853 ﬁlium
541 787 836 853 requirunt.
885 783 1102 847 Libertis

330 855 620 926 imperator
645 856 857 908 annuit.
892 853 1104 907 Libertis
1133 865 1250 908 voto
1274 856 1464 926 potitus
1496 853 1734 910 lwtatur.

1157 781 1338 852 ﬁliani
1375 802 1532 839 suam
1586 783 1827 840 Manueli
1885 783 2245 837 Cantacuzeiii
2293 781 2407 850 ﬁlio
2460 783 2770 853 desponderi
2811 786 2974 852 cupit.
3008 781 3244 853 Utrique
3279 785 3515 852 petitioni

344 967 406 1020 '0
440 967 496 1021 δὲ
547 968 637 1020 ἐπὶ
683 970 782 1038 τῆς
805 966 912 1034 ἔξω
935 968 1320 1038 Διδυμοτείχου
1354 968 1633 1030 συνοικίας
1659 967 1832 1036 δῆμος

2005 965 2075 1020 At
2107 966 2264 1036 plebs
2287 965 2603 1022 suburbana
2633 965 2996 1037 Didymoticlii
3036 981 3145 1020 non
3179 968 3355 1022 multo
3390 980 3516 1038 post

261 1061 324 1115 οὐ
357 1059 536 1128 πολλῷ
583 1059 812 1127 ὕστερον
845 1062 946 1114 οὐκ
977 1061 1208 1114 ἀνεκτὸν
1237 1060 1557 1131 ἡγούμενοι,
1592 1059 1641 1112 εί
1670 1059 1744 1129 μὴ
1772 1057 1841 1111 τά

263 1154 355 1206 ισα
387 1151 484 1206 καὶ
515 1152 668 1205 αὐτοὶ
698 1154 814 1218 τοῖς
843 1152 1024 1216 ἄλλοις
1047 1154 1242 1223 δήμοις
1271 1151 1445 1222 δρῷεν
1469 1153 1563 1206 καὶ
1600 1149 1843 1219 διαφθεί-

263 1259 416 1314 ροιεν
443 1242 572 1306 τοὺς
595 1241 878 1306 δυνατοὺς,
909 1243 1019 1295 τῶν
1040 1243 1318 1313 ἀρχόντων
1340 1243 1523 1306 αὐτοῖς
1556 1240 1629 1312 μὴ
1667 1259 1844 1295 συνει-

257 1331 450 1395 δότων,
490 1333 690 1394 νυκτὸς
733 1331 827 1384 ἐπὶ
869 1331 968 1403 τὴν
998 1333 1195 1386 στάσιν
1229 1333 1496 1404 ἀλλήλους
1545 1333 1842 1402 παρορμή-

261 1445 452 1492 σαντες
481 1429 578 1484 καὶ
617 1429 1085 1497 καθοπλισάμενοι
1117 1428 1192 1492 ὡς
1216 1423 1362 1498 εἶχον
1393 1429 1594 1490 πάντες
1618 1427 1735 1497 ἅμα
1765 1427 1840 1479 ἕω

261 1521 400 1592 πρὸς
434 1521 533 1583 τὰς
572 1521 748 1585 πύλας
793 1521 1064 1585 ἐλθόντες,
1100 1521 1512 1592 ἐτειχομάχουν,
1545 1524 1640 1574 καὶ
1701 1519 1840 1574 πάν-

261 1632 364 1678 τας
395 1614 656 1685 ἠπείλουν
686 1613 1040 1668 ἀποκτείνειν
1063 1617 1190 1677 τοὺς
1214 1615 1382 1680 ἔνδον,
1415 1615 1464 1667 εί
1501 1613 1577 1683 μὴ
1617 1613 1840 1676 ἑκόντες

259 1707 674 1776 προσχωροῖεν·
728 1703 874 1759 οὕτω
930 1704 1040 1775 γὰρ
1107 1705 1174 1758 ἂν
1226 1705 1380 1774 μόλις
1430 1705 1714 1772 φείσεσθαι
1755 1703 1831 1774 μὴ

257 1797 630 1852 ἀποκτείνειν.
667 1798 724 1848 'A
736 1797 903 1868 σάνης
927 1796 984 1849 δὲ
1014 1797 1108 1850 καὶ
1136 1798 1170 1867 ἡ
1195 1795 1342 1850 ἔνδον
1373 1797 1604 1867 στρατιά
1631 1799 1840 1867 ἡγησά-

258 1903 415 1958 μενοι
464 1886 641 1940 δεινὸν
693 1887 743 1939 εί
800 1887 938 1956 μετά
963 1887 1072 1940 τῶν
1091 1887 1156 1939 ἑκ
1189 1885 1486 1950 Βυζαντίου
1521 1885 1616 1939 καὶ
1647 1885 1748 1952 τῆς
1775 1885 1837 1937 ὲκ

251 1983 356 2048 τῆς
384 1980 551 2051 ἄλλης
583 1981 760 2050 ἀρχῆς
803 1977 1098 2052 Ῥωμαίων
1131 1980 1393 2048 στρατιᾶς
1427 1979 1523 2032 καὶ
1549 1977 1702 2047 παρά
1727 1976 1837 2028 τῶν

252 2073 472 2127 οἰκείων
505 2057 904 2142 πολιορκοῖντο,
965 2071 1324 2140 ὁπλισάμενοι
1383 2072 1478 2126 καὶ
1534 2071 1686 2124 αὐτοὶ
1742 2071 1836 2122 καῖ

252 2165 570 2230 ἀνοίξαντες
611 2166 713 2229 τὰς
765 2165 956 2228 πύλας
985 2165 1382 2218 συνεπλέκοντο
1407 2163 1486 2233 τῷ
1511 2163 1573 2234 δή
1583 2181 1667 2233 μῳ
1689 2162 1837 2229 ἐξελ-

1943 1058 2168 1114 minime
2206 1059 2494 1114 ferendum
2528 1068 2746 1128 putans,
2793 1061 2836 1112 si
2866 1075 2973 1113 non
3012 1060 3177 1114 etiam
3233 1062 3370 1114 alios
3421 1077 3518 1130 po—

1940 1151 2098 1220 pulos
2128 1153 2401 1218 irmulata,
2439 1161 2691 1222 potentes
2717 1153 3072 1217 interticeret,
3110 1153 3382 1222 prtefectis
3413 1155 3513 1207 ini-

1941 1243 2334 1312 prudentibus,
2367 1253 2535 1298 iioctu
2569 1243 2638 1298 ad
2681 1244 2976 1298 tumultum
3029 1245 3174 1299 inter
3225 1259 3283 1300 se
3308 1246 3512 1300 cohor—

1942 1333 2063 1399 tati,
2093 1335 2397 1405 armatique
2425 1343 2484 1389 ut
2515 1343 2789 1404 poterant,
2821 1351 3036 1400 omnes,
3067 1337 3206 1392 bene
3239 1353 3399 1392 mane
3443 1339 3508 1392 ait

1942 1433 2132 1494 portas
2168 1425 2494 1494 procedunt,
2530 1427 2705 1481 muris
2723 1427 3185 1498 Oppugnationem
3213 1429 3460 1485 inferunt
3497 1449 3510 1484 :

1938 1515 2222 1571 minantur
2249 1517 2559 1586 Oppidanos
2586 1533 2777 1574 omnes
2815 1529 3218 1588 perempturus,
3252 1521 3304 1574 ni
3334 1537 3392 1580 se
3415 1522 3515 1576 de-

1939 1605 2184 1662 diderint
2217 1624 2232 1660 :
2273 1607 2353 1661 sic
2383 1608 2530 1662 enim
2569 1607 2660 1662 vix
2719 1618 2899 1663 tamen
2928 1624 3124 1664 manus
3169 1624 3199 1663 a
3241 1611 3388 1665 caede
3425 1628 3516 1666 co-

1940 1706 2238 1762 hibituros.
2265 1706 2367 1763 Hic
2421 1707 2630 1762 Asanes
2658 1715 2714 1762 et
2743 1708 3059 1777 praesidium
3094 1725 3206 1762 rem
3237 1710 3512 1777 periculo-
3557 1703 3560 1708 ’

1939 1821 2055 1862 sum
2097 1807 2236 1873 rati,
2267 1808 2312 1867 si
2344 1818 2547 1878 praeter
2602 1809 2893 1879 Byzantios
2929 1817 2986 1863 et
3023 1811 3160 1864 alios
3197 1811 3418 1866 aliunde
3449 1829 3514 1866 ex

1939 1899 2176 1968 imperio
2215 1909 2532 1955 contractos
2585 1900 2750 1954 etiam
2776 1916 2806 1955 a
2842 1901 3162 1956 domesticis
3188 1902 3515 1968 obsideren-

1939 1995 2049 2049 tur,
2103 1987 2338 2044 accincti
2389 1996 2446 2043 et
2498 1987 2625 2057 ipsi,
2667 1989 2842 2057 portis
2891 1993 3098 2058 apertis
3147 2005 3270 2042 cum
3315 1994 3512 2059 populo

1937 2075 2247 2131 conﬂictari
2283 2087 2609 2146 erumpunt.
2650 2076 2757 2143 Qui
2807 2093 2910 2132 nec
2964 2072 3280 2146 aliquandiu
3320 2080 3510 2133 saltem

1937 2167 2202 2237 impetum
2243 2169 2544 2232 sustinens,
2575 2169 2713 2240 fugit
2738 2177 2796 2222 ut
2829 2170 3035 2238 potuit,
3073 2169 3199 2224 ﬁliis
3227 2181 3284 2224 et
3324 2177 3510 2226 ueri-

251 2257 462 2323 θόντες.
508 2259 737 2313 Ἐκεῖνοι
777 2258 835 2312 δὲ
881 2257 1004 2311 οὐδὲ
1045 2257 1186 2326 πρὸς
1245 2256 1426 2325 ὀλίγον
1487 2255 1832 2326 ἀντισχόντες

1937 2256 2046 2312 bus
2081 2267 2294 2314 tantum
2330 2263 2666 2330 assumptis;
2710 2261 2957 2329 nihilque
2981 2261 3129 2314 aliud
3167 2277 3348 2315 rerum
3386 2279 3512 2316 sna-

250 2350 393 2420 πρὸς
415 2349 514 2419 τὴν
543 2349 749 2420 μάχην,
779 2349 1010 2418 ἔφευγον
1047 2347 1124 2406 ὼς
1154 2346 1323 2418 εἶχον,
1361 2348 1559 2412 παῖδας
1604 2349 1700 2401 καὶ
1729 2364 1830 2414 γυ-

249 2443 442 2505 ναῖκας
463 2441 631 2512 μόνας
657 2437 1019 2503 ἀναλαϐόντες
1039 2457 1052 2471 ο
1075 2440 1170 2494 καὶ
1195 2439 1662 2509 διεσκεδάσθησαν
1689 2438 1833 2494 κατά

248 2529 350 2592 τὰς
383 2530 550 2592 ἄλλας
578 2528 762 2592 πόλεις
797 2526 964 2597 μηδὲν
991 2527 1384 2598 ἐπιφερόμενοι
1413 2521 1490 2580 ὧν
1512 2525 1658 2597 εἶχον
1691 2525 1832 2596 πλήν

247 2639 414 2676 τινων
439 2622 657 2689 ὀλίγων,
708 2621 758 2675 οἳ
795 2619 888 2674 διὰ
937 2621 998 2674 τὸ
1037 2621 1114 2692 μὴ
1179 2621 1699 2692 συμμετεσχηκέναι
1733 2621 1832 2688 τῆς

249 2713 501 2777 στάσεως
539 2715 650 2776 τοῖς
674 2712 859 2777 ἀλλοις
895 2712 1082 2782 μένειν
1110 2712 1574 2782 συνεχωρήθησαν
1600 2713 1694 2765 ἐπὶ
1723 2714 1832 2764 τῶν

245 2806 464 2859 οἰκιῶν.
502 2802 562 2860 ’11
592 2804 818 2874 στρατιά
843 2803 900 2858 δὲ
933 2804 1034 2867 τὰς
1055 2806 1234 2868 οἰκίας
1262 2805 1372 2859 τῶν
1407 2806 1691 2873 φυγόντων
1722 2805 1832 2856 διε-

247 2899 514 2969 πόρθουν,
545 2898 640 2953 καὶ⁵
670 2898 848 2952 πάντα
871 2897 1212 2968 είσεκόμιζον
1244 2899 1396 2960 ἐντὸς
1422 2898 1642 2967 τειχῶν.
1689 2898 1831 2950 Ὀλί-

247 3007 334 3061 γῳ
349 2989 406 3042 δὲ
436 2988 664 3059 ὕστερον
690 2990 786 3044 καὶ
809 2990 908 3052 τὰς
933 2988 1602 3058 ξυλὼσειςκαθαιροῦντες
1629 2990 1834 3059 ἐχρῶν-

246 3098 313 3136 το
346 3083 485 3152 πρὸς
509 3081 571 3134 τὸ
611 3081 723 3154 πῦρ
773 3083 880 3136 ὑπό
919 3081 1028 3136 τῶν
1059 3085 1117 3160 ὲν
1151 3084 1432 3155 Βυζαντίῳ
1458 3085 1558 3156 ἤδη
1607 3084 1831 3153 πολιορ-

247 3173 535 3243 κούμενοι.
580 3175 648 3228 Ἦ
706 3175 815 3245 γὰρ
846 3177 912 3229 ὲκ
943 3175 1243 3240 Βυζαντίου
1306 3177 1538 3248 στρατιὰ
1568 3179 1696 3246 ἄχρι
1731 3176 1831 3246 μὲν

248 3265 302 3318 οἱ
351 3264 459 3330 ἐξω
491 3263 877 3335 Διδυμοτείχου
927 3265 1067 3335 πρὸς
1097 3267 1225 3330 τοὺς
1255 3266 1406 3322 ἐνδον
1447 3268 1826 3338 ὡμοιρρόνουν,

246 3355 371 3410 οὐδὲ
405 3357 571 3425 ἐγγὺς
599 3355 854 3425 γενέσθαι
875 3359 1200 3428 ἐπεχείρουν
1218 3375 1235 3391 ο
1259 3358 1400 3412 ἀλλά
1428 3359 1828 3427 εἰσϐάλλοντες,

243 3446 320 3500 τὰ
348 3447 540 3520 πόρρω
575 3447 922 3518 διεπόρθουν,
961 3451 1058 3503 καὶ
1087 3449 1180 3524 ,ὡς
1233 3451 1463 3520 τάχιστα
1495 3453 1827 3522 ἀνεχώρουν.

260 3539 421 3593 Ἐπεὶ
445 3539 503 3593 δὲ
529 3541 562 3608 ἡ
595 3541 789 3600 στάσις
835 3541 1054 3608 γένοιτο
1092 3540 1187 3594 καὶ
1239 3541 1684 3609 ἰκπολεμωθείεν
1713 3543 1830 3606 τοῖς

1939 2367 2062 2406 rum
2099 2367 2286 2407 secum
2323 2363 2612 2422 asportans
2641 2393 2655 2416 ,
2698 2369 2795 2422 per
2835 2355 2970 2408 alias
3002 2354 3167 2408 urbes
3216 2353 3512 2423 dissipatus

1939 2455 2044 2498 est.
2073 2444 2292 2508 Paucis,
2318 2446 2464 2514 quod
2488 2446 2777 2500 seditionis
2798 2445 3093 2514 participes
3117 2461 3226 2498 non
3257 2445 3509 2505 fuissent,

1939 2537 2220 2593 domicilia
2254 2553 2350 2592 sua
2397 2538 2650 2592 habitare
2701 2537 3051 2606 permissum.
3091 2537 3288 2592 Milites
3325 2538 3511 2605 fngiti-

1939 2646 2137 2685 vorum
2177 2631 2436 2684 domibus
2463 2629 2715 2697 direptis,
2747 2638 2913 2682 totam
2951 2628 3186 2697 praedam
3221 2631 3274 2682 in
3319 2629 3509 2683 urbem

1941 2722 2274 2777 intulerunt.
2328 2720 2486 2776 Brevi
2547 2720 2836 2774 intervallo
2871 2721 3034 2774 etiam
3073 2720 3509 2773 materiationeiii

1938 2816 2308 2870 destrueiites.
2341 2828 2405 2867 ea
2440 2828 2468 2865 a
2507 2811 2782 2881 Byzantiis
2826 2811 2936 2880 jam
2970 2811 3205 2873 obsesxi,
3231 2811 3296 2864 ad
3329 2812 3510 2865 focum

1940 2906 2022 2962 usi
2054 2914 2204 2961 sunt.
2253 2903 2389 2958 Nam
2426 2902 2668 2974 Byzantii
2707 2902 2950 2972 quandiu
3007 2903 3514 2974 Didyinoticlicnses

1938 2994 2241 3052 suburbani
2294 3011 2420 3049 cum
2469 2994 2762 3063 oppidanis
2811 2995 3189 3054 voluntatibus
3241 3011 3516 3062 congrue-

1939 3087 2094 3150 bant,
2145 3101 2217 3142 ne
2277 3085 2468 3156 pedem
2513 3087 2735 3154 quidem
2771 3087 2997 3156 propius
3037 3085 3180 3141 ferre
3215 3085 3510 3147 audebant,

1937 3176 2034 3231 sed
2063 3175 2358 3230 remotiora
2391 3174 2510 3244 agri
2546 3175 2946 3244 depopulantes
2972 3213 2986 3236 .
3037 3187 3330 3245 properato
3363 3189 3420 3230 se
3455 3178 3510 3230 iii

1937 3269 2133 3322 stativa
2164 3266 2524 3335 recipiebant.
2559 3264 2821 3322 Tumultu
2893 3279 3075 3321 autem
3140 3278 3197 3323 et
3241 3269 3511 3324 seditione

1936 3360 2169 3418 conﬂata
2221 3357 2524 3412 suburbani
2575 3359 2816 3412 urbanos
2870 3359 3122 3413 hostilem
3174 3360 3226 3413 in
3286 3361 3508 3415 modum

1936 3449 2200 3517 aggressi,
2239 3457 2297 3500 et
2329 3447 2430 3516 ipsi
2459 3448 2688 3501 omnino
2731 3447 2959 3511 sedibus
3009 3451 3127 3502 suis
3160 3449 3297 3513 pulsi
3336 3453 3514 3518 perie—

1942 3549 2093 3602 runt,
2124 3537 2290 3610 508
2330 3548 2386 3592 et
2441 3538 2640 3592 urbani
2677 3539 2984 3594 imminutis
3015 3557 3346 3610 magnOpere
3381 3545 3510 3594 viri-

247 3629 402 3682 ινδον
435 3630 484 3682 οἱ
538 3630 716 3695 εκτδς,
777 3629 930 3684 αὐτοί
975 3647 1037 3684 τε
1101 3632 1426 3704 ἐφθάρησαν
1481 3635 1832 3689 παντάπασιν

1943 3633 2068 3693 bus.
2123 3646 2302 3701 pugna
2370 3630 2624 3684 hostibus
2662 3645 2825 3698 pares
2879 3631 3116 3700 amplius
3165 3648 3273 3685 non
3331 3642 3510 3686 erant.

249 3721 550 3778 ἀνάστατοι
607 3723 989 3793 γεγενημένοι,
1027 3724 1126 3778 καὶ
1173 3727 1222 3778 οί
1271 3726 1422 3780 ἔνδον
1464 3727 1523 3780 τὸ
1561 3727 1698 3782 πολὺ
1727 3727 1828 3796 τῆς

246 3813 535 3881 δυνάμεως
571 3813 987 3884 ὑφαιρεθέντες,
1025 3815 1276 3879 ἀσθενεῖς
1307 3833 1368 3868 τε
1401 3811 1564 3887 ἦσαν,
1595 3817 1691 3870 καὶ
1741 3817 1831 3870 οὐ·

251 3909 376 3960 uti
406 3905 540 3974 πρὸς
567 3905 694 3968 τοὺς
724 3903 1022 3974 πολεμίους
1045 3905 1356 3976 ἀξιόμαχοι.
1390 3907 1554 3960 Ὅθεν
1583 3909 1829 3962 κάκεῖνοι

249 3997 502 4059 ἀπιόντες
536 3997 630 4051 καὶ
690 3996 1271 4066 στρατοπεδευόμενοι,
1324 3998 1493 4065 ἐγγὺς
1550 3999 1830 4071 διεκαρτέ-

254 4104 409 4160 ρουν.
434 4089 496 4142 Ol
546 4089 731 4159 μέντοι
783 4087 1211 4156 ὑπολειπόμενοι
1263 4089 1357 4142 τοῦ
1385 4091 1561 4161 δήμου
1592 4093 1649 4146 ιν
1679 4092 1830 4145 Διδυ-

251 4177 520 4249 μοτείχῳ,
548 4177 658 4232 τῶν
689 4178 1012 4248 οίκημάτων
1045 4180 1152 4233 ὑπὸ
1187 4183 1288 4251 τῆς
1341 4183 1602 4252 στρατιᾶς
1631 4183 1828 4236 καθαιο

251 4268 543 4339 μθεντων,
572 4269 730 4324 αὐτοὶ
763 4271 891 4333 τοὺς
941 4269 1123 4334 λίθους
1181 4271 1636 4342 εκκαθαίροντες,
1687 4273 1828 4344 πρὸς

250 4360 592 4430 λαχανισμδν
623 4361 865 4432 ἐχρῶντο
886 4361 965 4431 τῷ
998 4363 1205 4434 χωρίῳ.
1241 4365 1355 4418 Καὶ
1383 4366 1537 4430 τέλος
1566 4366 1669 4437 ἤδη
1712 4364 1828 4439 εἶχε

249 4453 317 4506 τὸ
369 4453 498 4523 περὶ
546 4451 640 4507 τοῦ
677 4453 881 4523 χωρίου
913 4453 1109 4508 τούτου
1163 4454 1260 4524 τῷ·
1304 4457 1694 4529 μητροπολίτη
1729 4459 1828 4527 τῆς

255 4545 434 4613 αὐτῆς
471 4545 684 4610 πόλεως
726 4546 894 4617 ὀλίγῳ
941 4544 1210 4618 πρότερον
1249 4551 1670 4620 προειρημένον.
1705 4552 1828 4605 Ἐτι

253 4641 364 4707 γὰρ
401 4637 858 4709 Καντακουζηνοῦ
899 4639 992 4692 τοῦ
1027 4639 1296 4708 βασιλέως
1330 4642 1466 4712 πρὸς
1493 4645 1593 4710 τὴν
1624 4646 1704 4710 είς
1729 4646 1828 4716 τὴν

251 4731 494 4800 ἕσπεραν
525 4729 1684 4802 ἔκστρατείανζπαρασκευαξομένου,ἐδόκει
1717 4736 1828 4789 δεῖν

147 4880 150 4882 ν
251 4823 344 4876 διὰ
391 4822 484 4876 τὸν
522 4823 762 4893 πόλεμον
803 4823 938 4892 περὶ
973 4821 1072 4893 τὴν
1125 4821 1231 4888 ἔξω
1292 4825 1572 4879 συνοικίαν
1621 4826 1828 4896 τάφρον

254 4911 656 4982 περιελαύνειν,
679 4914 768 4967 ἵνα
799 4914 875 4985 μὴ
908 4914 1069 4985 ῥᾳδία
1097 4917 1130 4984 ἡ
1154 4915 1361 4978 εἴσοδος
1401 4917 1518 4979 τοῖς
1546 4917 1830 4988 πολεμίοις

1938 3724 2093 3782 Unde
2127 3723 2228 3788 illi,
2262 3723 2528 3793 Byzantii,
2561 3722 2780 3790 inquam
2808 3762 2822 3784 ,
2855 3723 3088 3790 propius
3137 3726 3422 3786 accedere,
3457 3736 3513 3778 et

1937 3816 2134 3872 locatis
2164 3815 2362 3870 castris
2391 3829 2746 3883 perseverare
2779 3830 2886 3867 non
2923 3815 3266 3869 dubitarunt.
3303 3817 3377 3870 Ex
3416 3817 3508 3870 Di-

1936 3909 2458 3982 dymotichensibus
2502 3908 2836 3964 suburbanis
2877 3917 3166 3971 restantes,
3201 3911 3508 3963 vicinorum

1935 4002 2148 4060 aedibus
2197 4016 2230 4056 a
2265 4001 2440 4055 milite
2493 4000 2734 4064 eversis,
2809 3999 2912 4068 ipsi
2970 3999 3180 4068 lapides
3228 4011 3284 4055 et
3313 4000 3509 4055 rudera

1934 4092 2260 4157 eﬂerebant,
2293 4102 2350 4146 et
2379 4106 2477 4161 per
2515 4105 2673 4144 areas
2705 4090 2827 4143 illas
2859 4091 3106 4144 uluscula
3133 4095 3410 4145 serebant.
3446 4093 3511 4146 Et

1930 4185 2044 4257 jam
2077 4189 2359 4248 evenerat,
2387 4181 2534 4250 quod
2569 4181 2635 4235 de
2686 4180 2790 4236 hoc
2821 4181 2944 4234 loco
2975 4181 3148 4249 ipsius
3189 4181 3342 4236 urbis
3390 4197 3510 4237 mc-

1937 4271 2196 4344 lropolita
2227 4287 2335 4330 non
2371 4273 2445 4326 ita
2504 4270 2718 4341 pridem
2759 4271 3089 4326 vaticinatus
3136 4271 3334 4325 fuerat.
3375 4271 3508 4325 Nam

1935 4365 2068 4421 dum
2099 4379 2160 4422 se
2191 4363 2616 4421 Cantacuzeniis
2657 4363 2724 4416 ad
2753 4363 3154 4430 expeditionem
3202 4361 3514 4416 occidenta-

1934 4457 2045 4514 lem
2097 4455 2281 4520 adhuc
2311 4456 2653 4518 instrueret,
2706 4455 3022 4509 suburbana
3054 4454 3122 4508 ad
3169 4454 3379 4509 hostem
3425 4470 3512 4506 ar-

1935 4549 2174 4604 cendum
2203 4548 2348 4604 fossa
2381 4548 2584 4603 debere
2635 4547 2964 4606 circumdari
3003 4546 3358 4602 decernebat.
3391 4545 3512 4599 Tri-

1935 4639 2113 4698 butim
2160 4641 2324 4719 igitur
2357 4640 2455 4696 toti
2495 4642 2723 4710 populo,
2759 4649 2817 4694 et
2871 4638 3091 4694 clericis
3140 4638 3398 4693 Ecclesia:
3440 4637 3508 4690 ad

1936 4733 2265 4790 fodiendum
2312 4749 2442 4803 pars
2489 4734 2931 4790 describebatur.
2987 4733 3236 4800 Quibus,
3293 4733 3511 4788 clericis

1935 4837 2094 4896 puta,
2134 4824 2380 4880 laborem
2414 4823 2854 4894 indignantibus,
2887 4832 2944 4878 et
2971 4830 3259 4877 exactores
3281 4837 3508 4891 operum

1937 4917 2006 4984 ad
2042 4917 2364 4987 episcopum
2395 4915 2778 4970 deferentibus
2801 4957 2815 4977 ,
2845 4915 2936 4969 ille
2968 4913 3112 4968 hanc
3141 4913 3338 4969 fossam
3365 4914 3509 4966 bello

254 5003 371 5072 εἴη,
402 5005 458 5057 εί
484 5021 617 5058 ποτε
662 5004 970 5064 ἑσδάλοιεν.
1002 5006 1490 5078 Διανενεμημένης
1513 5008 1571 5062 δὲ
1601 5011 1700 5079 τῆς
1733 5013 1831 5064 τά·

1939 5005 2077 5062 niliil
2115 5003 2460 5074 profuturam
2503 5003 2773 5074 praedixit.
2804 5003 2976 5069 Quem
3003 5004 3149 5056 enim
3177 5004 3356 5056 locum
3394 5018 3512 5056 ser-

255 5111 399 5163 φρου
426 5094 571 5148 κατὰ
603 5096 842 5165 φατρίας
881 5097 1046 5155 παντὶ
1079 5098 1157 5168 τῷ
1205 5097 1385 5167 δήμῳ,
1415 5097 1558 5154 ὥστε
1602 5101 1833 5174 ἀνορύτ·

139 5253 146 5257 ς
253 5202 396 5248 τειν,
429 5187 666 5250 καὶτοῖς
694 5189 751 5240 εν
779 5186 860 5256 τῷ
880 5187 1068 5259 κλήρῳ
1087 5189 1188 5259 τῆς
1215 5190 1514 5260 ἐκκλησίας
1548 5193 1682 5246 πᾶσι
1717 5211 1824 5246 παι

256 5277 474 5348 ρείχετο
532 5276 711 5348 μερίς.
763 5279 1238 5347 Δυσχεραινόντων
1267 5279 1347 5335 ,δι
1395 5281 1622 5335 εκείνων
1649 5282 1736 5336 διὰ
1769 5284 1830 5337 τὸ

254 5369 468 5434 πονεῖν,
507 5369 601 5422 καὶ
629 5367 1154 5439 προσαγγελλόντων
1182 5369 1264 5440 τῷ
1295 5371 1670 5442 μητροπολίτῃ
1699 5373 1830 5437 τοὺς

253 5461 350 5513 ἐπὶ
374 5460 443 5512 τὰ
463 5459 605 5530 ἔργα
625 5459 1062 5526 ἀναγκάζοντας,
1085 5461 1252 5515 Οὐδὲν
1274 5461 1396 5531 μὲν,
1422 5458 1576 5517 εἶπεν
1601 5465 1832 5529 ἐκεῖνος,

253 5555 325 5604 τα
365 5549 594 5606 τοιαῦτα
628 5551 764 5623 πρὸς
787 5552 878 5606 τὸν
910 5553 1150 5622 πόλεμον
1195 5553 1560 5625 λυσιτελήσει.
1599 5557 1732 5610 Μετ’
1763 5557 1826 5611 οὐ

254 5644 396 5698 πολὺ
441 5643 552 5716 γάρ
571 5643 601 5697 δ
629 5643 1042 5716 περιποιοῦνται
1072 5647 1294 5716 χωρίον,
1317 5647 1454 5718 πρὸς
1493 5648 1835 5720 λαχανισμδν

254 5734 586 5804 επιτηδείως
611 5735 780 5803 ἕξειν.
812 5735 918 5790 Τοῦ
946 5737 1002 5790 δὲ
1027 5738 1102 5808 μὴ
1129 5739 1308 5792 δοκεῖν
1337 5739 1532 5801 αὐτοὺς
1561 5741 1657 5794 τοῦ
1681 5745 1834 5814 κοινῇ

255 5827 676 5892 λυσιτελοῦντος
726 5829 973 5900 ἀμελεῖν,
1028 5829 1249 5884 ἐκέλευε
1304 5831 1373 5886 τά
1430 5833 1835 5899 ἐπιτεταγμένα

1933 5111 2064 5153 vare
2087 5103 2143 5150 et
2171 5095 2450 5152 custodire
2480 5095 2815 5160 niterentur.
2877 5095 3030 5152 brevi
3055 5095 3266 5148 ιιιθιιιιιι
3309 5095 3508 5148 sationi

1935 5189 2198 5244 idoneum
2227 5185 2538 5242 habituros.
2561 5186 2764 5242 Verum
2810 5184 2957 5240 enim
2996 5199 3127 5240 vero
3157 5199 3224 5238 ne
3264 5198 3509 5238 commo-

1936 5280 2067 5335 dum
2110 5278 2391 5348 publicum
2439 5277 2842 5348 parvipendere
2874 5276 3178 5337 videretur,
3211 5275 3374 5344 jussit
3405 5275 3508 5327 illl-

1935 5378 2124 5442 perata
2155 5369 2295 5424 ﬁeri.
2327 5367 2464 5424 Cum
2496 5385 2605 5423 non
2636 5367 2731 5422 diu
2756 5376 2883 5437 post
2927 5377 3160 5422 eventus
3189 5366 3506 5434 respondis-

1934 5473 2040 5526 set,
2100 5461 2610 5533 Didymotichenses
2658 5461 2713 5515 in
2769 5460 3090 5515 memoriam
3141 5459 3509 5528 praedictionis

1934 5553 2193 5625 regressi,
2231 5553 2410 5608 virum
2441 5551 2510 5607 de
2561 5567 2625 5607 ea
2667 5539 3052 5622 siispeitcriint.
3098 5551 3267 5606 Porro
3294 5569 3321 5603 a
3352 5552 3508 5605 Crale

1932 5647 2318 5703 Cantacuzeno
2346 5644 2662 5714 adiuvando
2684 5644 2954 5715 designati
2981 5686 2994 5708 ,
3037 5646 3260 5713 jamque
3290 5645 3464 5712 parati
3491 5682 3506 5705 ,

1932 5752 1989 5799 et
2023 5741 2088 5795 ad
2120 5755 2259 5810 opus
2290 5740 2588 5804 accessnri,
2616 5739 2897 5793 dominum
2929 5755 3089 5794 suum
3131 5736 3462 5792 conveniunt
3491 5779 3506 5799 ,

1935 5832 2078 5888 haud
2116 5831 2248 5887 utilc
2280 5845 2338 5885 se
2373 5839 2428 5886 et
2457 5830 2608 5884 illiiin
2646 5829 3008 5898 sibimetipsis
3066 5827 3357 5883 consilium
3407 5826 3509 5881 lnio
