3962 6568
246 384 346 449 981
1414 392 1821 453 HISTORIAH

1924 394 1953 454 ί
1994 392 2224 454 LIBER
2264 392 2379 453 ΙΙῘ.
3034 442 3045 455 η
3191 431 3203 456 .
3262 447 3267 452 .
3363 387 3493 450 9.52"

250 492 448 562 ἐξεῖναι
475 492 735 567 διαλύειν.
770 496 831 552 Εί
858 499 966 569 γὰρ
988 500 1151 571 μέχρι
1187 498 1365 569 ὅρκων
1387 503 1712 572 προεχώρει,
1752 502 1813 566 ἐξ

1924 517 2068 567 rans,
2094 502 2398 572 pedemque
2428 499 2777 567 deosculans.
2811 500 3009 559 multas
3042 501 3144 572 ipsi
3188 501 3258 572 de
3302 501 3469 555 bena-

244 586 500 655 οὐδεμιᾶς
523 585 591 640 ἂν
622 587 803 652 αίτίας
833 567 1163 662 ἐπεχείρησε
1196 567 1445 662 διασπᾷν⁷
1466 567 1652 655 αύτός.
1682 591 1807 644 Τοι-

1924 592 2040 646 licio
2065 567 2169 658 ,ἐι
2207 567 2352 648 Crali
2384 592 2452 647 de
2477 606 2641 661 opera
2667 593 2872 662 gratias
2895 595 3026 664 egit.
3062 567 3144 649 -Δι
3181 567 3325 646 enim
3358 593 3473 646 hmc

224 675 444 747 ~vapofm
473 678 691 746 ἀφιέναι
731 680 821 733 τὸν
856 682 972 734 υἱὸν
999 680 1116 752 ἃμα
1139 682 1238 753 μὲν
1269 682 1520 752 γαμϐρὸν
1549 682 1808 750 ἐσόμενον

1924 680 2071 736 ludis
2104 681 2475 736 tantummodo
2503 682 2685 741 verbis
2714 683 3170 751 transigebantur;
3192 683 3473 753 juramen-

243 762 479 838 Διϐέρῳ,
507 769 623 838 ἅμα
652 768 707 822 δὲ
740 770 953 841 καὶτῆς
978 774 1239 844 στρατιᾶς
1265 772 1429 825 ἕνεκα
1459 772 1552 824 τοῦ
1582 770 1809 842 θαρρεῖν

1924 772 1982 825 Lis
2008 782 2101 825 aut
2141 772 2374 826 nexibus
2394 772 2517 828 aliis
2536 772 2602 827 ad
2631 774 2855 844 nuptias
2884 774 3340 847 conglutinandas
3362 790 3470 828 non

242 858 409 928 αὐτῷ,
442 858 517 922 ὡς
549 860 802 916 οὐδέποτε
855 862 1283 927 ἐπιϐουλεύσειε,
1331 862 1404 933 μὴ
1440 864 1624 933 μέντοι
1670 879 1812 915 παν-
1913 870 2039 916 sunt
2070 862 2178 917 usi.

241 955 447 1009 τάπασι
477 957 779 1036 διατρίϐειν
806 961 937 1031 παρ’
972 961 1175 1024 αὐτοῖς,
1235 960 1353 1014 ἀλλ’
1389 962 1685 1027 ἐπανήκειν
1748 958 1884 1026 πρὸς
1912 958 2072 1011 αὐτὸν
2101 958 2263 1029 ήνίκα
2301 959 2369 1013 ἂν
2396 957 2612 1029 καλοίη.
2674 960 2903 1031 Λίϐερος
2947 962 3003 1014 δέ
3056 962 3177 1016 ἐπεὶ
3220 960 3475 1013 ἀκούσειε

245 1046 468 1115 βασιλέα
503 1052 870 1121 πεπεισμένον
910 1054 1046 1124 πρὸς
1074 1055 1135 1107 τὸ
1163 1058 1262 1124 τὴν
1292 1055 1502 1108 ἐκείνου
1532 1053 1807 1122 θυγατέρα
1844 1053 2000 1119 ἄγειν
2057 1052 2137 1123 τῷ
2173 1052 2296 1121 υίῷ,
2336 1053 2661 1124 προσεκύνει
2701 1072 2759 1107 τε
2793 1056 2887 1109 καὶ
2934 1057 3209 1125 ἠσπάζετο
3245 1056 3337 1108 τὸν
3385 1054 3478 1124 βα-

247 1146 439 1208 σιλέως
477 1148 634 1213 πόδα,
670 1151 763 1203 καὶ
799 1150 999 1214 πολλὰς
1047 1152 1317 1220 ὡμολόγει
1365 1153 1598 1223 χάριτας
1662 1152 1859 1221 ἐκείνῳ
1888 1168 1949 1204 τε
1981 1150 2081 1219 τῆς
2145 1150 2488 1220 εὐεργεσίας,
2530 1152 2629 1207 καὶ
2671 1152 2863 1225 Κράλῃ
2893 1151 2988 1206 τοῦ
3023 1152 3477 1206 συνεπιλαϐέσθαι
3544 1180 3561 1191 κ

247 1240 379 1305 πρὸς
414 1240 473 1291 τὸ
528 1241 714 1310 ἔργον.
763 1242 933 1296 Τοῦτο
970 1243 1028 1297 δὲ
1083 1244 1263 1315 λόγοις
1304 1246 1464 1315 μόνον
1501 1244 1808 1298 συνετίθετο
1847 1242 2054 1312 ψιλοῖς·
2089 1245 2277 1312 ὅρκοις
2323 1242 2381 1297 δέ
2442 1243 2476 1314 ἢ
2540 1243 2762 1316 δεσμοῖς
2797 1261 2944 1299 τισιν
2975 1245 3159 1308 ἄλλοις
3206 1246 3340 1315 πρὸς
3384 1242 3477 1296 τὸν

244 1331 422 1402 γάμον
453 1335 550 1386 οὐκ
583 1337 906 1406 ἐχρήσαντο.

1482 1404 1491 1410 ’
1526 1455 1694 1527 510
1729 1453 1963 1511 CAPUT
2004 1453 2192 1510 XLIX.

245 1540 544 1619 Imperator
577 1558 694 1596 cum
731 1546 943 1619 attgiliis
972 1546 1173 1602 Pheras
1205 1551 1364 1604 venit.
1393 1549 1583 1619 Syrges
1615 1551 1675 1614 ﬁt
1718 1550 2092 1602 Armeniorum
2122 1563 2213 1619 rea:
2235 1548 2362 1619 jure
2396 1556 2638 1619 paterno.
2666 1548 2874 1606 Pheraei
2899 1551 3211 1605 deditionem
3247 1555 3483 1617 pertina-t

318 1611 446 1689 riter
480 1622 742 1689 recusant.
785 1614 989 1689 Ducunt
1023 1628 1072 1670 et
1096 1621 1351 1689 exercitus
1403 1611 1572 1689 ηἷοξὸὶ
1601 1611 1650 1672 et
1680 1619 1904 1689 funera._
1927 1611 2264 1689 Apocaucltns
2300 1611 2672 1689 Christopolim
2717 1620 2964 1689 pra'sidia
2999 1623 3177 1689 mittit.
3221 1611 3478 1677 Triballos

232 1704 237 1711 ι
318 1679 653 1758 αίιὶηινῒςηιεε
685 1683 1019 1758 imperatoris
1051 1687 1220 1758 pudor
1244 1690 1450 1742 retinet.
1482 1679 1710 1758 Romani
1734 1679 2113 1758 tumultuantes
2136 1686 2199 1738 ab
2223 1687 2405 1758 eodem
2432 1679 2597 1758 amice
2629 1679 2990 1748 increpantur.
3028 1688 3196 1743 Facta
3227 1700 3482 1758 potestate

316 1747 532 1830 plurimi
586 1751 651 1804 ab
709 1747 769 1805 eo
817 1747 1191 1825 Christop'olim
1252 1758 1540 1812 discedunt.
1606 1757 1814 1810 Ducunt
1865 1757 2053 1810 ibidem
2119 1754 2432 1824 perjurium.
2494 1747 2913 1828 Transfugarum
2987 1762 3056 1814 ad
3113 1747 3482 1830 imperatorem

316 1820 562 1876 reversio.

316 1938 468 1992 Μετὰ
492 1939 548 1991 δέ
577 1937 735 1994 τοῦτο
761 1941 861 2012 τὴν
891 1943 1157 2013 στρατιὰν
1204 1941 1537 2015 παραλαϐὼν
1568 1944 1673 2012 ήδη
1704 1958 1810 1994 πα-

1980 1938 2255 2005 Ρταεεῐρίιί
2313 1927 2499 1995 restate
2558 1940 2877 2011 imperator,
2926 1941 3085 1999 Crale
3141 1958 3266 1999 cum
3311 1958 3481 1997 uxore

248 2033 695 2102 ρεσκευασμινην
724 2036 854 2105 περὶ⁷
884 2034 1079 2105 θέρους
1113 2036 1340 2100 ἐκϐολὰς
1362 2037 1480 2104 ἅμα
1504 2030 1597 2087 καὶ
1621 2034 1811 2105 Κράλη

250 2123 387 2190 μετὰ
444 2124 706 2189 γυναικὸς
758 2128 1149 2197 παρεπομένου
1199 2126 1326 2197 ἄχρι
1382 2128 1482 2197 τῆς
1529 2126 1814 2195 Ῥωμαίων

243 2213 391 2280 ὅρων
417 2213 735 2284 ἡγεμονίας.
774 2215 1007 2270 Ἐκεῖνοι
1038 2218 1136 2288 μέν
1182 2214 1301 2281 οὖν,
1346 2217 1656 2289 ἀνεχώρουν
1688 2235 1815 2271 συν-

245 2305 563 2372 ταξάμενοι.
594 2306 857 2372 Βασιλεὺς
901 2308 958 2362 δὲ
998 2307 1097 2379 τήν
1120 2311 1460 2380 τεταγμένην
1490 2310 1627 2380 ἔχων
1654 2327 1818 2380 στρα-

244 2398 392 2461 τιὰν,
423 2399 916 2470 ἐστρατοπέδευσεν
942 2403 1000 2454 ἐν
1036 2404 1256 2473 Φεραῖς,
1290 2405 1385 2456 καὶ
1430 2402 1692 2472 διήγαγεν
1722 2404 1818 2457 ἐπὶ

246 2490 430 2559 τρισὶν
454 2492 688 2561 ἡμέραις
713 2492 1097 2564 διαλεγόμενος
1121 2495 1374 2560 Φεραίοις
1403 2497 1532 2565 περὶ
1555 2495 1649 2548 τοῦ
1684 2512 1816 2566 προ-

245 2582 485 2665 σχιωρεῖν
510 2582 678 2652 αὐτῷ.
714 2583 927 2654 Συργὴς
956 2586 1068 2656 γὰρ
1121 2586 1261 2654 μετὰ
1300 2585 1398 2657 τὴν
1430 2587 1688 2667 ἐπάνοδον
1717 2590 1817 2656 τὴν

242 2669 318 2722 ἐκ
341 2671 819 2744 Γυναικοκάστρου
847 2675 1044 2744 ⁶δεραῖς
1077 2676 1259 2745 ὀλίγον
1288 2678 1657 2748 ἐνδιατρίψας,
1685 2674 1821 2749 ἦλθε

248 2761 393 2830 πρὸς
425 2762 739 2825 Βυζάντιον.
775 2768 1044 2821 Κάκεῖθεν
1073 2769 1153 2831 είς
1194 2768 1485 2839 Ἀρμενίαν
1522 2770 1817 2841 ἀπεχώρηο

248 2870 370 2917 σεν,
413 2853 715 2921 Ἀρμενίων
739 2857 831 2910 ἐπὶ
857 2858 918 2910 τὸ
950 2860 1137 2928 σφίσιν
1167 2860 1357 2935 αρχειν
1384 2860 1548 2914 αὐτὸν
1581 2866 1823 2931 πρόσκα-

246 2944 564 3015 λεσαμένων
602 2949 667 3000 ἐκ
698 2949 957 3020 πατρῴου
992 2952 1382 3022 προσηκούσης
1434 2952 1584 3022 αὐτῷ
1618 2953 1819 3022 κλήρου

244 3036 354 3105 τῆς
398 3037 593 3106 ἀρχῆς.
624 3040 845 3110 Φεραῖοι
892 3040 951 3094 δέ
1008 3042 1164 3095 οὐδὲν
1215 3042 1418 3112 μᾶλλον
1466 3044 1499 3113 ἢ
1559 3045 1821 3114 πρότερον

246 3125 399 3199 ἦσαν
450 3131 662 3200 βασιλεῖ
708 3131 787 3201 τῷ
817 3133 1257 3205 Καντακουζηνῷ
1311 3136 1822 3204 παρεσκευασμένοι

252 3223 537 3291 πολεμεῖν,
574 3227 668 3279 καὶ
702 3225 828 3287 τοὺς
857 3227 1185 3296 προσιόντας
1221 3227 1313 3279 ἐπὶ
1360 3226 1439 3297 τῷ
1471 3227 1813 3296 διαλέγεσθαι

246 3311 425 3372 λίθοις
472 3312 693 3366 ἔϐαλλον
737 3316 832 3367 καὶ
873 3315 1084 3385 βέλεσιν
1136 3315 1244 3369 ἀπὸ
1273 3316 1384 3370 τῶν
1411 3318 1626 3387 τειχῶν.
1656 3317 1818 3372 Ὅθεν

249 3403 354 3456 καὶ
384 3404 417 3472 ή
468 3405 698 3469 στρατιὰ
736 3404 812 3467 ὡς
855 3406 1131 3475 πολεμίων
1159 3406 1332 3470 ἀδεῶς
1377 3407 1476 3479 τὴν
1504 3409 1683 3480 χώραν
1709 3412 1820 3464 διε-

249 3495 515 3566 πόρθουν.
562 3498 656 3550 Ἐν
687 3490 732 3564 ᾧ
774 3497 829 3552 δὲ
877 3497 1051 3561 ταῦτα
1106 3500 1361 3565 ἐτελεῖτο,
1415 3500 1656 3571 Βράκτος
1712 3502 1821 3555 τῶν

246 3591 542 3661 ἡγεμόνων
573 3590 672 3657 τῆς
712 3592 972 3660 στρατιᾶς
1021 3591 1048 3644 ό
1094 3591 1523 3663 διαφορώτατος,
1573 3594 1818 3661 ἐνόσησε,

248 3685 353 3736 καὶ
389 3683 816 3753 διεκαρτέρησεν
863 3684 982 3737 ἐκεῖ
1033 3686 1064 3755 ή
1110 3685 1340 3752 στρατιὰ
1390 3685 1818 3755 ἐστρατοπεδευ-

253 3775 395 3845 μένη
431 3774 561 3845 μίαν
599 3776 812 3845 ἡμέραν
844 3777 937 3828 ἐπὶ
975 3776 1128 3829 δέκα.
1175 3776 1330 3829 Ἐπεὶ
1358 3775 1403 3829 δ’
1438 3779 1645 3838 ἐκεῖνος
1675 3778 1821 3848 ῥᾴων

244 3864 349 3938 ἦν,
379 3866 608 3936 Λίϐερος
640 3868 922 3938 κατείχετο
973 3870 1039 3938 τῇ
1093 3868 1250 3938 νόσῳ,
1282 3869 1375 3920 καὶ
1408 3868 1515 3922 ἔδει
1569 3869 1822 3923 τοσοῦτον

249 3960 452 4032 χρόνον
482 3960 815 4030 περιμένειν,
839 3962 872 4033 ἢ
899 3962 992 4013 καὶ
1016 3961 1207 4015 πλείω.
1250 3959 1563 4023 Ῥαΐσαντος
1593 3962 1647 4015 δέ
1675 3964 1822 4017 ἐκεί-

249 4070 373 4113 νου.
404 4054 452 4105 oi
475 4052 651 4104 λοιποὶ
681 4051 900 4105 ἐνόσουν
932 4051 1042 4104 τῶν
1070 4050 1370 4122 ἀρχόντων,
1406 4053 1500 4105 καὶ
1528 4054 1561 4124 ή
1590 4054 1821 4123 στρατιὰ

249 4144 522 4213 σύμπασα
569 4143 776 4213 σχεδόν.
830 4142 1065 4207 Μέλιτος
1112 4146 1220 4213 γὰρ
1279 4143 1682 4214 ἐμφορούμενοι
1726 4146 1821 4199 καὶ

246 4236 458 4307 κρεῶν,
485 4228 558 4288 ὧν
589 4238 623 4305 ή
654 4235 808 4303 χώρα
860 4234 1096 4304 μάλιστα
1137 4234 1385 4305 εὐπόρει,
1422 4231 1544 4288 εἶτα
1589 4235 1819 4289 ἀποθλί-

246 4330 442 4392 ϐοντες
470 4329 564 4380 καὶ
593 4326 893 4395 σταφυλὰς,
945 4328 1039 4380 καὶ
1071 4324 1165 4380 τοῦ
1201 4327 1567 4397 ἀπορρέοντος
1625 4307 1822 4382 αὐτίκα

247 4418 678 4490 ἐμφορούμενοι,
713 4423 791 4480 είς
836 4417 1106 4488 πυρετοὺς
1146 4417 1436 4471 ἐνέπιπτον
1473 4421 1567 4474 καὶ
1594 4418 1818 4489 φθοράς.

251 4513 495 4565 Ἔπειτα
515 4511 858 4580 ἀπέθνησκον
888 4509 1356 4579 κατεργαζόμενοι
1387 4511 1491 4564 ὑπὸ
1518 4512 1619 4581 τῆς
1638 4510 1816 4564 νόσου.

248 4697 354 4752 καὶ
383 4697 483 4765 τῆς
515 4696 778 4764 στρατιᾶς
815 4694 957 4763 ὑπὲρ
1003 4695 1395 4756 πεντακοσίους
1446 4695 1544 4747 καὶ
1594 4691 1819 4762 χιλίους,

263 4784 562 4854 Ῥωμαίων
589 4784 649 4836 δὲ
682 4783 792 4838 τῶν
830 4783 1045 4853 βασιλεῖ
1078 4784 1346 4838 συνόντων
1397 4784 1522 4838 οὐδὲ
1556 4780 1659 4852 εἷς,
1699 4787 1825 4841 οὕτε

255 4880 371 4952 μὴν
430 4879 709 4949 ἐνόσησεν.
750 4878 1088 4947 ’Δπόκαυχος
1138 4876 1195 4929 δὲ
1246 4879 1273 4930 ὁ
1325 4876 1499 4947 μέγας
1548 4878 1671 4943 δοὺξ
1702 4877 1828 4932 ἐπεὶ

253 4970 496 5026 ἐπύθετο
514 4970 605 5023 τὸν
621 4969 1077 5041 Καντακουζηνδν
1101 4967 1328 5040 βασιλέα
1351 4969 1615 5037 στρατιὰν
1635 4968 1830 5038 ἔχοντα

255 5065 328 5117 ἐκ
357 5061 642 5131 Τριϐαλῶν
686 5062 817 5131 περὶ
846 5062 1024 5132 Φερὰς
1068 5048 1634 5130 ἐστρατοπεδευμένον
1663 5059 1827 5126 εἶναι,

257 5145 534 5226 μέλλοντα
563 5156 642 5215 εἰς
696 5153 1081 5222 Διδυμότειχον
1128 5153 1447 5221 ἐπανήκειν,
1498 5152 1638 5205 κατὰ
1663 5155 1830 5222 τάχος

254 5245 481 5312 ἔπεμπε
505 5244 754 5315 τριήρεις
778 5245 857 5304 είς
881 5242 1297 5310 Χριστούπολινο
1328 5240 1445 5312 ἅμα
1468 5242 1525 5294 δὲ
1550 5244 1647 5296 καὶ
1670 5258 1833 5314 στρα-

253 5335 388 5390 τιὰν
415 5337 478 5388 ἐκ
510 5334 611 5403 τῆς
643 5334 898 5405 ἠπείρου,
935 5334 1019 5397 ,ὡς
1056 5334 1116 5387 τὸ
1147 5335 1325 5387 ἐκεῖσε
1365 5334 1623 5403 τείχισμα
1655 5334 1828 5403 φυλά-

258 5428 454 5492 ξοντας
507 5426 600 5477 καὶ
653 5423 997 5485 κωλύσοντας
1038 5422 1338 5475 διαϐαίνειν
1393 5422 1491 5492 τὴν
1547 5418 1827 5488 στρατιάν.

254 5514 375 5570 Ἦν
409 5517 516 5585 γὰρ
544 5516 573 5568 ὁ
597 5516 760 5577 τόπος
794 5514 1114 5583 ἐπιτηδείως
1156 5512 1296 5582 ἔχων
1339 5514 1419 5575 είς
1449 5510 1696 5580 φυλακὴν
1734 5508 1830 5580 τὴν

258 5611 331 5661 ἐκ
381 5610 491 5661 τῶν
532 5608 788 5672 ὁπλιτῶν,
836 5607 898 5658 οὐ
950 5606 1040 5658 διὰ
1085 5605 1175 5658 τὸν
1210 5608 1587 5675 ἐπιτειχισμὸν
1649 5604 1828 5673 μόνον,

260 5700 385 5756 ἀλλ’
424 5702 507 5754 ὅτι
543 5700 635 5754 καὶ
667 5697 1000 5771 κρημνώδης
1030 5697 1127 5763 ὢν,
1158 5696 1414 5752 δύσκολον
1464 5697 1577 5760 τοῖς
1608 5696 1834 5750 ἱππεῦσι

269 5786 568 5865 παρείχετό
599 5794 697 5863 τὴν
744 5793 936 5857 δίοδον,
983 5790 1216 5862 μάλιστα
1266 5791 1314 5843 εί
1365 5790 1460 5843 καὶ
1510 5788 1618 5842 ὑπό
1668 5803 1832 5841 τινων

1918 2045 2090 2098 usque
2142 2029 2211 2083 ad
2272 2029 2511 2086 conﬁnia
2569 2033 3060 2103 prosequentibus,
3103 2033 3288 2103 ibique
3336 2034 3480 2089 dicta

1915 2120 2091 2175 salute
2122 2120 2533 2188 recedentibus,
2563 2138 2687 2178 cum
2723 2126 2926 2195 paratis
2981 2137 3035 2181 et
3063 2128 3346 2182 attributis
3378 2128 3481 2182 sibi

1917 2214 2089 2282 copiis
2116 2212 2322 2268 Pheras
2350 2214 2616 2284 processit
2651 2234 2664 2269 :
2699 2215 2795 2270 ubi
2844 2217 2910 2270 ad
2941 2216 3180 2271 triduum
3213 2232 3439 2273 manens
3465 2255 3481 2273 .

1917 2319 2045 2358 cum
2088 2303 2330 2359 Pheraeis
2379 2305 2446 2359 de
2492 2302 2772 2361 deditione
2816 2306 2946 2375 egit.
3004 2307 3201 2378 Syrges
3250 2307 3397 2363 enim
3453 2322 3484 2361 e

1917 2395 2338 2466 Gynaecocastro
2355 2412 2628 2462 reversus,
2657 2413 2765 2452 non
2792 2398 2886 2452 diu
2915 2397 3106 2453 Pheris
3132 2398 3437 2455 subsistens
3466 2441 3482 2462 .

1914 2486 2233 2555 Byzantium
2264 2485 2497 2554 petivit;
2554 2487 2681 2542 inde
2735 2488 2789 2542 in
2818 2490 3162 2552 Armeniam,
3200 2492 3267 2544 ab
3297 2489 3487 2545 Arme-

1873 2629 1885 2636 ,
1918 2576 2027 2631 niis
2050 2577 2117 2630 ad
2152 2584 2449 2645 sceptrum,
2474 2577 2524 2633 ei
2550 2593 2618 2632 ex
2665 2589 2888 2648 paterna
2921 2573 3068 2634 sorte
3119 2580 3361 2635 debitum
3388 2596 3487 2634 vo-

1918 2654 2096 2732 catus,
2125 2669 2401 2724 discesslt.
2424 2670 2630 2725 Pheraei
2665 2672 2839 2726 nihilo
2870 2676 3041 2743 magis
3073 2690 3234 2744 quam
3262 2684 3387 2730 ante
3418 2676 3487 2729 ad

1918 2760 2287 2816 Cantacuzeni
2327 2771 2513 2830 partes
2545 2764 2999 2832 propendebant,
3054 2774 3110 2820 et
3167 2766 3490 2822 accedentes

1921 2853 1986 2907 ad
2020 2853 2445 2923 colloquendum
2495 2852 2639 2909 saxis
2694 2870 2759 2910 ac
2803 2856 2924 2912 telis
2951 2856 3017 2912 de
3055 2873 3214 2912 muro
3259 2860 3488 2928 repelle-

1920 2947 2050 3001 bant
2080 2964 2095 3004 :
2128 2963 2301 3016 quare
2355 2948 2634 3003 exercitus
2688 2963 2879 3018 agrum
2915 2958 2975 3003 ut
3007 2950 3260 3006 hostilem
3297 2968 3491 3006 secure

1922 3038 2269 3092 devastahat.
2300 3038 2439 3092 Dum
2465 3038 2581 3093 haec
2613 3047 2870 3108 aguntur,
2905 3040 3131 3096 Bractus
3155 3044 3492 3106 praestantis-

1922 3128 2095 3183 simus
2142 3143 2173 3183 e
2223 3128 2455 3183 ducibus
2488 3129 2681 3183 morbo
2734 3130 3054 3200 corripitur,
3083 3134 3391 3204 mansitque
3423 3150 3492 3190 eo

1923 3221 2030 3276 loci
2067 3223 2343 3298 exercitus
2392 3222 2510 3278 dies
2553 3222 2831 3279 undecim.
2869 3223 3162 3295 Postquam
3210 3228 3261 3282 ei
3296 3229 3492 3284 melius

1925 3321 2011 3367 est
2061 3313 2265 3368 factum
2293 3355 2309 3379 ,
2353 3314 2585 3371 Liberus
2638 3330 2902 3388 aegrotare
2935 3320 3122 3390 cepit,
3164 3334 3491 3390 rursumque

1927 3405 2126 3460 diebus
2154 3407 2405 3471 totidem,
2434 3418 2528 3462 aut
2555 3409 2719 3464 etiam
2754 3411 3003 3480 pluribus
3033 3411 3143 3466 illic
3172 3411 3491 3467 haerendum

1926 3500 2050 3555 fuit.
2110 3501 2212 3558 Ubi
2265 3503 2310 3557 is
2353 3519 2572 3574 quoque
2607 3506 2904 3570 convaluit.
2957 3507 3197 3577 reliquos
3234 3508 3402 3564 duces
3429 3524 3494 3562 ac

1928 3598 2100 3644 totum
2137 3592 2308 3646 l'crme
2361 3595 2661 3648 exercitum
2698 3595 3028 3650 valetudinis
3075 3595 3494 3652 incommoditas

1926 3683 2189 3750 pervasit.
2218 3681 2497 3745 Siquidem
2552 3685 2711 3740 melle
2735 3697 2791 3742 et
2820 3687 3096 3751 carnibus,
3122 3688 3319 3757 quibus
3345 3687 3494 3755 regio

1929 3773 2164 3827 maxime
2198 3773 2464 3839 abundat,
2495 3775 2620 3830 farti
2656 3791 2721 3831 ac
2757 3777 3004 3843 distenti,
3053 3779 3255 3833 deinde
3282 3794 3346 3832 ex
3375 3785 3495 3834 uvis

1928 3865 2258 3934 compressis
2319 3876 2498 3922 musto
2540 3866 2813 3924 deﬂuente
2859 3868 3063 3932 obruti,
3104 3870 3158 3922 in
3198 3869 3380 3924 febres
3436 3880 3496 3923 et

1930 3957 2108 4012 tabem
2160 3955 2477 4011 incidebant
2510 3973 2525 4010 :
2557 3963 2672 4011 tum
2730 3957 2804 4012 ita
2853 3957 3088 4012 confecti
3138 3958 3493 4024 interibant,

1929 4052 2342 4118 praesertimque
2398 4049 2788 4105 honoratorum
2822 4065 2935 4105 non
2976 4052 3136 4120 pauci
3183 4052 3496 4107 morieban-

1931 4150 2039 4196 tur.
2070 4141 2145 4195 De
2170 4141 2434 4211 gregariis
2462 4149 2642 4195 autem
2675 4140 2886 4194 animas
2906 4140 3120 4209 liquere
3148 4155 3312 4215 supra
3345 4142 3497 4198 mille

1929 4234 2260 4304 quingentos
2311 4248 2325 4286 :
2382 4232 2757 4291 Romanorum
2802 4247 2964 4288 nemo
3000 4248 3069 4287 ne
3109 4242 3345 4289 tentatus
3376 4235 3499 4303 qui-

1930 4322 2054 4380 dem
2090 4334 2191 4379 est.
2239 4323 2602 4393 Apocauchus
2640 4339 2867 4393 magnus
2888 4323 3022 4391 dux,
3060 4333 3120 4378 ut
3161 4324 3498 4380 Cantacuze-

1930 4432 2061 4471 num
2108 4430 2231 4470 cum
2268 4414 2442 4483 copiis
2472 4412 2803 4479 Triballicis,
2839 4428 3011 4484 prope
3041 4414 3250 4470 Pheras
3274 4431 3495 4471 moran-

1929 4516 2036 4562 tem
2066 4545 2082 4571 ,
2131 4503 2572 4577 Didymotichum
2627 4520 2973 4559 reversurum
3009 4506 3270 4570 rescivit,
3316 4508 3497 4562 subito

249 4607 372 4659 Kal
388 4605 497 4658 τῶν
524 4621 584 4657 τε
612 4604 851 4672 μάλιστα
871 4604 931 4654 ἐν
951 4603 1093 4672 λόγῳ
1116 4602 1477 4674 ἐτεθνήκεσαν
1503 4603 1603 4656 οὐκ
1628 4602 1818 4667 ὀλίγοι,

1930 4598 2183 4652 triremes
2233 4595 2624 4666 Christopolim
2659 4635 2676 4661 ,
2734 4597 3009 4667 simulque
3064 4614 3133 4653 ex
3191 4600 3497 4655 continenti

1925 4704 2149 4747 manum
2177 4687 2245 4742 ad
2277 4704 2494 4741 murum
2528 4687 2730 4742 ibidem
2780 4689 3235 4755 custodiendum,
3265 4700 3320 4745 et
3351 4702 3498 4745 tran-

1923 4782 2034 4836 situ
2090 4778 2689 4851 illumgprobibcndum
2751 4781 2923 4836 misit.
2970 4780 3103 4837 Erat
3153 4782 3299 4835 enim
3338 4782 3493 4838 locus

1926 4872 2236 4929 defensioni
2294 4872 2528 4926 idoneus
2562 4873 2746 4942 gravis
2805 4882 3100 4928 armatura:
3142 4873 3326 4938 militi,
3383 4890 3493 4929 non

1927 4973 2154 5035 propter
2211 4963 2354 5018 muri
2409 4963 2759 5018 altitudinem
2815 4963 3104 5030 duntaxat,
3181 4964 3340 5035 511
3399 4966 3497 5021 sed

1928 5054 2059 5125 quia
2115 5063 2342 5125 propter
2390 5053 2693 5125 przecipitia
2740 5070 2960 5125 quoque
3020 5056 3404 5126 (potissimum
3450 5058 3495 5112 si

1930 5144 2340 5216 prohibentium
2376 5144 2461 5198 vis
2542 5143 2821 5207 adesset)
2888 5146 3060 5215 equiti
3119 5145 3496 5214 perdillicilem

1926 5238 2219 5293 transitum
2272 5235 2561 5291 alliciebat.
2615 5236 2843 5291 Triballi
2888 5247 3112 5306 propter
3138 5237 3389 5292 mctbum
3442 5248 3499 5292 ct

1927 5329 2245 5401 quotidiana
2296 5329 2591 5383 multorum
2623 5328 2835 5391 funera,
2875 5343 2938 5383 ac
2977 5330 3305 5398 praesertim,
3349 5331 3495 5399 quod

1931 5436 2149 5475 tnurum
2207 5435 2302 5474 seu
2340 5419 2702 5473 munitionem
2750 5420 2897 5474 illam
2927 5438 2955 5474 a
2982 5420 3243 5475 Romanis
3267 5436 3500 5493 occupa-

1934 5519 2044 5565 tam
2096 5511 2538 5574 intellexissent,
2594 5510 2787 5565 Pheris
2837 5510 2889 5564 in
2909 5511 3138 5580 patriam
3178 5513 3360 5567 redire
3388 5525 3500 5569 sta-

1933 5613 2175 5657 tuerunt.
2218 5604 2518 5674 Imperator
2572 5618 2693 5657 cum
2746 5618 2842 5658 eos
2891 5620 2921 5658 a
2977 5604 3172 5659 morbo
3219 5614 3327 5659 tam
3360 5606 3499 5659 male

1932 5695 2161 5752 allectos
2199 5694 2267 5749 ad
2300 5694 2629 5750 manendum
2681 5710 2875 5765 cogere
2911 5712 3017 5751 non
3048 5704 3271 5767 posset,
3324 5696 3503 5750 omni-

1936 5787 2037 5840 hns
2071 5785 2395 5856 proceribus
2439 5802 2502 5841 ac
2550 5786 2784 5842 (lucibus
2824 5790 3159 5857 convocatis,
3186 5804 3281 5844 eos
3317 5788 3480 5843 horta
