3962 6574
505 367 612 430 ξ83

1700 369 2020 432 JOANNIS
2055 363 2579 436 CANTA‘CUZENI
3639 364 3723 436 ιιι

503 495 614 548 tur,
642 499 714 538 ne
746 481 945 552 pusillo
975 481 1084 538 sint
1113 482 1318 546 animo,
1344 497 1480 538 neve
1511 482 1650 538 hanc
1668 481 2073 541 frustrationem

2181 488 2497 542 κώλυοιντο.
2548 489 2611 542 0!
2663 485 2926 557 Τριϐαλοὶ
2972 485 3030 538 δὲ
3082 486 3320 545 μάλιστα
3372 485 3486 557 μὲν
3527 486 3618 539 διὰ
3649 491 3729 555 τὴν
3840 482 3841 516 l

501 577 559 630 in
617 576 775 630 malis
818 585 1140 639 numerem;
1192 574 1286 629 sed
1347 574 1477 629 illud
1517 568 1838 642 cogitantes,
1883 578 2067 631 divina

506 666 857 738 providentia
927 667 1339 720 universitatem
1388 659 1808 732 administrari,
1863 681 2066 722 etnon

501 774 662 828 posse
692 775 720 812 a
749 759 860 812 Deo
887 760 1185 828 quidquam
1214 760 1355 823 ﬁeri,
1379 759 1522 828 quod
1547 776 1655 814 non
1691 761 1878 815 deceat
1907 760 2021 814 fieri
2049 802 2064 826 ,

500 849 630 903 boui
666 851 1038 909 consulerent.
1067 855 1358 920 omniaque
1393 851 1462 905 ab
1509 852 1600 906 illo
1630 851 1696 906 ad
1731 853 2068 907 emolumen-

501 949 616 993 tum
653 957 812 994 suum
846 942 960 994 ﬁeri
1001 944 1517 1009 interpretarentur.
1546 943 1608 996 Et
1643 959 1787 998 nunc
1820 944 2064 1012 quidem,

501 1031 724 1100 inquit,
765 1031 986 1085 domum
1028 1033 1359 1096 redibimus;
1398 1039 1504 1086 non
1544 1033 1713 1087 multo
1760 1044 1937 1088 autem
1981 1034 2067 1087 in-

501 1126 818 1178 tercedente
871 1135 1116 1192 tempore
1171 1139 1394 1178 rursum
1449 1126 1736 1188 instructi,
1768 1126 2068 1196 Didymoti-

503 1217 692 1281 chum,
719 1219 761 1271 si
800 1218 912 1271 Deo
944 1219 1231 1286 placuerit,
1268 1228 1535 1288 petemus.
1574 1221 1798 1274 Triballi
1847 1225 2068 1292 magnas

503 1309 815 1377 imperatori
851 1308 918 1361 de
940 1309 1313 1364 admonitione
1343 1313 1544 1372 gratias
1571 1327 1750 1381 agere.
1776 1313 1887 1366 Etsi
1917 1315 2064 1368 enim

502 1399 571 1452 de
608 1402 784 1454 reditu
811 1403 948 1456 mire
980 1403 1322 1467 laetarentur,
1356 1415 1536 1460 tamen
1567 1407 1980 1476 imperatorem,
2019 1407 2065 1461 s'i

475 1507 570 1545 ‘eo
596 1492 768 1546 invito
799 1494 1062 1549 recedere
1093 1495 1435 1562 viderentur,
1470 1497 1730 1570 nolebant
1765 1497 2066 1553 oﬂ’endere.

503 1583 738 1639 Rmnani
764 1586 1115 1652 stomachari,
1143 1602 1206 1640 ac
1236 1597 1428 1656 putare
1448 1626 1464 1650 ,
1493 1602 1550 1642 se
1580 1589 1645 1642 ad
1697 1589 2066 1644 Acberontem

503 1674 584 1726 ire
639 1675 938 1743 compelli,
1005 1677 1507 1748 tumultuantesque
1567 1688 1622 1732 et
1660 1680 1928 1734 seditione
1963 1679 2070 1735 fre-

501 1775 715 1820 mentes
749 1767 1132 1837 Cbristopolim
1159 1770 1309 1823 abire
1337 1771 1496 1828 velle.
1525 1765 1841 1839 Imperator,
1874 1787 2065 1826 eorum

504 1874 534 1910 a
571 1874 628 1912 se
659 1858 1056 1914 dissensionem
1105 1863 1534 1931 meditatamque
1565 1863 1956 1938 discessionem
1984 1867 2068 1919 vi-
2098 1833 2144 1892 Β

503 1949 662 2010 deus,
700 1949 958 2004 advocata
987 1951 1250 2006 concione
1295 1949 1391 2007 eos
1427 1953 1706 2017 admonet.
1743 1969 1849 2007 non
1890 1957 2066 2008 avari-

505 2044 578 2097 tia
631 2055 724 2097 aut
787 2045 1110 2110 ambitione,
1187 2045 1280 2101 sed
1335 2048 1572 2116 ipsorum
1623 2064 1817 2106 causa.
1852 2050 1946 2118 qui
1978 2065 2068 2103 ro-

505 2147 723 2206 gassent
747 2177 762 2200 ,
796 2154 862 2191 ne
897 2154 953 2193 se
985 2139 1053 2192 ab
1091 2139 1416 2208 Apocaucbo
1445 2133 1583 2194 Sacri
1639 2142 1878 2196 cubiculi
1926 2158 2068 2212 prae-

508 2231 653 2284 ieeto
684 2230 748 2283 ad
780 2225 1100 2284 servitutem
1131 2240 1186 2285 et
1212 2240 1440 2284 mortem
1493 2233 1608 2302 rapi
1642 2242 1938 2300 pateretur.
1965 2234 2070 2288 boc

504 2321 814 2390 periculum
859 2323 1112 2375 subiisse.
1146 2317 1351 2376 Deinde
1383 2321 1436 2374 in
1469 2323 1785 2376 memoriam
1816 2323 1898 2377 eis
1926 2324 2073 2378 redi-

504 2409 604 2479 git,
662 2425 783 2479 quae
827 2409 883 2463 in
918 2409 1034 2478 ipso
1071 2409 1198 2464 belli
1229 2405 1526 2479 principio,
1563 2409 1766 2465 dixerit
1802 2423 1820 2470 :
1855 2427 1956 2466 nec
1983 2413 2072 2482 ju-

504 2509 675 2565 stum,
704 2515 805 2554 nec
830 2503 978 2570 pium
1010 2500 1210 2566 videri,
1237 2516 1383 2554 nunc
1427 2497 1648 2570 quidem
1690 2517 1749 2555 se
1785 2501 1851 2554 ad
1896 2503 2073 2569 impe—

505 2591 650 2644 rium
686 2592 1080 2661 capessendum
1119 2581 1356 2654 invitari,
1391 2602 1446 2646 et
1500 2592 1641 2646 hanc
1671 2593 1885 2646 unicam
1924 2591 2070 2646 salu-

505 2682 578 2736 tis
609 2682 752 2736 viam
778 2683 987 2738 censeri
1013 2701 1028 2749 ;
1076 2692 1260 2751 postea
1285 2699 1436 2749 vero,
1461 2681 1506 2736 si
1539 2697 1627 2736 res
1653 2697 1813 2737 secus
1835 2692 1982 2744 eant.
2013 2698 2072 2738 se

505 2773 925 2828 discriminibus
975 2769 1408 2828 circumventum
1460 2755 1684 2837 deseri,
1713 2787 1825 2826 uno
1854 2788 2071 2841 quoque

509 2863 854 2936 dill‘ogiente,
886 2880 995 2934 quo
1025 2863 1177 2918 illum
1208 2874 1421 2934 sperata
1453 2873 1612 2920 vocet
1658 2864 1863 2918 utilitas
1891 2881 1904 2919 :
1943 2880 2070 2919 rur-

507 2975 712 3028 susque
771 2958 1064 3024 admouet,
1097 2974 1165 3012 ne
1207 2945 1481 3027 trepident
1516 2958 1752 3020 animis,
1811 2972 1946 3012 neve
2000 2958 2072 3012 ob

505 3049 728 3104 labores
801 3057 856 3103 et
900 3049 1141 3118 pericula
1200 3045 1565 3119 desperatidni
1597 3047 1814 3114 cedant,
1851 3037 1945 3104 sed
1975 3063 2074 3118 pro

2179 581 2365 643 νόσον,
2399 577 2494 632 καὶ
2533 567 2594 632 τὸ
2639 578 2870 639 πολλοὺς
2919 574 3294 645 ἀποθνήσκειν
3353 576 3484 630 καθ’
3515 577 3728 645 ἡμέραν,

2177 671 2277 739 οὐχ
2307 671 2510 738 ἥκιστα
2552 670 2610 722 δὲ
2643 671 2736 722 καὶ
2767 665 2854 721 διά
2887 663 2948 720 to
2973 659 3244 720 πυθέσθαι
3271 667 3336 719 τὸ
3358 667 3629 736 τείχισμα
3651 669 3734 720 ὑπὸ

2187 761 2476 829 Ῥωμαίων
2533 758 2922 831 κατεχόμενον,
2976 760 3342 829 ἀναστρέφειν
3386 757 3644 824 ἔγνωσαν
3683 763 3733 812 ἐκ

2176 854 2286 907 τῶν
2340 849 2525 924 Φερῶν
2585 853 2721 923 πρὸς
2773 853 2873 920 τὴν
2923 852 3151 904 οἰκείαν.
3207 852 3484 903 Βασιλεὺς
3529 850 3590 901 δὲ
3639 851 3739 900 ἐπεὶ
3847 854 3849 916 l

2179 945 2464 1017 βιάζεσθαι
2491 946 2590 998 οὐκ
2622 935 2748 1013 ένῆν
2776 943 2920 995 οὕτω
2959 944 3265 1011 πάσχοντας
3291 941 3488 1003 κακῶς
3521 941 3630 992 ύτὼ
3659 943 3739 1009 τῆς

2177 1039 2361 1100 νόσου,
2394 1037 2518 1099 τοὺς
2549 1038 2606 1089 έν
2635 1035 2778 1088 τέλει
2818 1037 3028 1096 πάντας
3051 1033 3143 1086 καὶ
3181 1034 3468 1102 ἡγεμόνας
3520 1049 3740 1096 συναγα-

2174 1127 2310 1198 γὼν,
2370 1129 2606 1200 παρῄνει
2668 1129 2742 1198 μὴ
2799 1127 3058 1194 ἀθυμεῖν,
3102 1126 3235 1194 μηδέ
3291 1124 3394 1194 τὴν
3453 1123 3741 1190 ἀποτυχίαν

2171 1222 2380 1288 ταύτην
2411 1223 2485 1283 ὥς
2515 1233 2570 1274 τι
2616 1221 2726 1274 τῶν
2754 1219 2946 1273 δεινῶν
2989 1217 3303 1286 λογίζεσθαι
3337 1233 3354 1248 ·
3409 1216 3534 1270 ἀλλ’
3584 1219 3742 1268 ἐκεῖνο

2173 1313 2636 1385 ἐνθυμουμένους,
2671 1312 2747 1376 ὡς
2795 1314 2975 1367 πάντα
3029 1312 3132 1380 μὲν
3162 1309 3303 1363 Θεοῦ
3343 1308 3587 1379 προνοίᾳ
3628 1309 3743 1360 5w.-

2174 1407 2375 1460 κεῖται.
2422 1405 2708 1460 Ἀδύνατον
2739 1404 2797 1458 δέ
2823 1419 2878 1456 τι
2904 1401 3014 1457 τῶν
3048 1401 3126 1472 μὴ
3152 1402 3386 1456 δεόντων
3423 1401 3524 1454 ὕπ’
3548 1400 3742 1453 ἐκείνου

2163 1495 2512 1564 πράττεσθαι
2545 1495 2726 1549 πάντα
2754 1493 3032 1562 στέργειν,
3064 1492 3142 1554 ὡς
3183 1491 3428 1559 μάλιστα
3457 1488 3742 1550 λυσιτελῶς

2175 1587 2309 1660 ἡμῖν
2337 1586 2688 1656 πραττόμενα
2745 1587 2898 1656 παρά
2925 1582 3085 1640 Θεοῦ.
3115 1585 3224 1639 Καὶ
3251 1582 3316 1636 τὸ
3343 1581 3444 1634 νῦν
3481 1582 3584 1649 μὲν
3615 1579 3742 1651 Ξχσν,

2175 1678 2656 1748 ὲπανελευσόμεθα
2680 1678 2821 1748 πρὸς
2837 1679 2937 1748 τὴν
2957 1678 3186 1731 οἰκείαν.
3218 1675 3426 1746 Ὀλίγῳ
3446 1676 3508 1728 δὲ
3533 1676 3744 1744 ὕστερον

2178 1772 2340 1826 πάλιν
2389 1771 2968 1841 παρασκευασάμενοι,
3008 1769 3347 1838 ἐλευσόμεθα
3387 1772 3474 1828 είς
3525 1767 3744 1834 Διδυμό-

2173 1880 2371 1934 τειχον,
2397 1863 2464 1916 ἂν
2488 1862 2642 1930 φίλον
2721 1863 2862 1931 Θεῷ.
2887 1863 2949 1915 Ol
2983 1861 3082 1930 μὲν
3109 1861 3202 1914 οὖν
3231 1860 3507 1930 Τριϐαλοὶ
3561 1860 3744 1922 nam;

2174 1955 2407 2024 χάριτας
2455 1953 2771 2023 ὡμολόγουν
2801 1952 3014 2022 βασιλεῖ
3061 1952 3198 2020 πρὸς
3248 1955 3349 2018 τὴν
3393 1948 3740 2018 παραίκσιν.

2177 2048 2288 2100 Καὶ
2319 2046 2428 2116 γάρ
2461 2063 2546 2098 τοι
2579 2045 2815 2116 μάλιστα
2852 2045 3133 2114 χαίροντες
3165 2042 3307 2111 πρὸς
3333 2041 3434 2108 τὴν
3459 2039 3740 2099 ἐπάνοδον,

2174 2140 2324 2210 ὅμως
2359 2139 2434 2208 μὴ
2465 2129 2834 2208 προσκρούειν
2867 2134 3079 2205 βασιλεῖ
3126 2133 3419 2185 ἐϐούλοντο
3469 2130 3743 2190 δοκοῦντες

2176 2234 2402 2294 ἄκοντος
2427 2233 2754 2300 ἀναχωρεῖν.
2794 2229 3068 2294 Ῥωμαῖοι
3093 2227 3150 2280 δὲ
3185 2229 3246 2280 ὲν
3280 2225 3446 2294 δεινῷ
3492 2224 3740 2284 ἐτίθεντο,

2177 2328 2272 2380 καὶ
2309 2325 2465 2378 οὐδὲν
2498 2322 2752 2392 ἐνόμιζον
2782 2322 3105 2375 ἀπεοικέναι
3149 2321 3251 2386 τὴν
3281 2319 3406 2372 ὁδὸν
3444 2316 3741 2384 summi,

2176 2418 2225 2471 εί
2250 2418 2386 2486 πρὸς
2429 2414 2723 2484 Ἀχέροντα
2750 2411 2994 2482 βαδίζειν
3011 2411 3411 2480 ἠναγκάζοντο,
3445 2409 3548 2462 καὶ
3570 2407 3742 2469 δεινῶς

2179 2506 2544 2578 ἐθορυϐοῦντο
2579 2507 2674 2558 καὶ
2703 2495 3049 2584 ἐστασίαζον,
3076 2508 3213 2573 πρὸς
3240 2503 3369 2564 τοὺς
3406 2503 3466 2552 ὲν
3490 2502 3743 2568 Χριστουο

2180 2599 2336 2653 πόλει
2385 2593 2704 2668 βουλόμενοι
2747 2597 3076 2666 ἀποχωρεῖν.
3118 2594 3294 2664 ὐρῶν
3325 2593 3386 2646 δὲ
3423 2594 3451 2643 6
3499 2591 3743 2661 βασιλευς

2178 2693 2279 2761 τὴν
2309 2692 2580 2761 διχόνοιαν
2610 2689 2812 2750 αὐτῶν,
2838 2687 2931 2741 καὶ
2959 2689 3059 2756 τὴν
3093 2684 3490 2755 μελετωμένην
3517 2685 3742 2735 ἀποστα-

2182 2786 2326 2848 σίαν,
2359 2776 2834 2854 περιστησάμενος
2882 2777 3065 2847 ἑαυτῷ
3110 2778 3208 2831 καὶ
3265 2777 3622 2845 ὑπομνήσας,
3676 2773 3741 2832 c'u;

2178 2876 2280 2931 οὐκ
2313 2875 2446 2936 ιδίας
2470 2861 2812 2936 πλεονεξίας,
2827 2872 2858 2940 ἢ
2876 2870 3044 2940 τιμῆς
3067 2869 3386 2938 ιπιθυμίας,
3421 2867 3544 2920 ἀλλ’
3577 2864 3739 2917 αὐτῶν

2179 2949 2345 3022 ἓνεκα
2380 2965 2650 3034 δεομένων
2707 2963 2784 3033 μὴ
2838 2961 3127 3034 περιϊδεῖν,
3184 2957 3601 3027 διαφθαρέντας
3658 2955 3740 3006 καὶ

2180 3058 2547 3118 δουλωθέντας
2603 3055 2933 3124 ’Δποκαύχῳ
2988 3054 3068 3122 τῷ
3118 3051 3617 3119 παρακοιμωμὲνῳ
3657 3047 3741 3099 τὸν

504 3153 572 3196 eo
596 3133 659 3195 ac
694 3141 959 3210 ingenuos
996 3139 1210 3204 deceat,
1250 3141 1462 3196 excelsa
1488 3153 1544 3194 et
1579 3142 1827 3196 interrita
1854 3151 2071 3204 mente,

2181 3152 2372 3221 ἀγῶνα
2402 3151 2679 3204 ὑπελθεῖν.
2707 3149 2945 3202 Ἔπειτα
2972 3145 3067 3198 καὶ
3092 3137 3166 3198 ὧν
3197 3144 3254 3194 ὲν
3276 3143 3424 3211 ἀρχῇ
3464 3139 3563 3192 τοῦ
3594 3139 3740 3190 vix-

507 3235 650 3288 mala
685 3231 837 3288 istac
862 3235 1119 3288 tolerent.
1149 3232 1301 3286 Haud
1329 3234 1473 3288 enim
1512 3223 1812 3302 quidquam
1838 3233 2072 3302 insigne,

505 3334 562 3378 et
611 3318 885 3379 laudabile
912 3324 1050 3378 citra
1097 3324 1340 3378 laborem
1366 3323 1794 3394 (6)aquoqtiam
1840 3323 2076 3380 feliciter

507 3415 645 3485 geri.
688 3409 784 3470 Sin
815 3408 1058 3469 adversis
1105 3403 1338 3482 amplius
1365 3415 1622 3469 resistere
1655 3427 1949 3485 nequeant.
1978 3418 2076 3473 iis-

507 3522 616 3577 que
655 3505 876 3576 penitus
926 3505 1351 3571 succubuerint,
1386 3506 1652 3576 oblitique
1708 3507 2074 3564 convitiorum

507 3611 572 3654 ac
607 3594 1121 3668 reprehensionum,
1150 3597 1352 3669 quibus
1381 3599 1776 3670 Gynmcocastri
1811 3601 2078 3660 abeuntes

507 3690 763 3746 insectati
797 3690 932 3756 sint,
967 3689 1108 3746 idem
1175 3692 1336 3745 modo
1392 3691 1494 3760 ipsi
1543 3693 1785 3760 cupiant,
1835 3694 2075 3762 primum

505 3779 728 3850 quidem
769 3779 932 3835 etiam
967 3781 1111 3850 ipsos
1137 3780 1260 3850 jure
1307 3779 1658 3844 incusandos,
1685 3779 1778 3849 qui
1804 3782 2074 3850 promissa

506 3869 824 3938 fefellerint,
864 3871 1165 3945 timidique
1189 3881 1246 3924 et
1276 3871 1452 3938 ignavi
1487 3881 1809 3940 appareant,
1856 3875 2076 3941 quando

504 3961 610 4017 sibi
635 3976 801 4031 opera
833 3977 928 4016 sua
961 3961 1256 4032 plorimum
1287 3961 1547 4031 prodesse
1572 3955 2075 4034 debuerunt.512

512 4054 741 4118 Deinde.
772 4069 831 4110 se
857 4055 1056 4108 invitos
1085 4069 1193 4109 non
1224 4061 1567 4109 retenturum
1601 4070 1618 4108 :
1645 4071 1748 4110 nec
1771 4056 1918 4110 enim
1948 4056 2077 4112 inde

503 4147 572 4201 a'b
604 4147 764 4201 initio
790 4161 850 4200 se
887 4147 1057 4200 ullum
1092 4147 1362 4213 coegisse,
1420 4152 1478 4201 at
1525 4161 1584 4200 se
1614 4147 1799 4216 potius
1834 4163 1954 4217 quae
1981 4163 2080 4202 no-

503 4234 735 4304 luisset,
773 4239 952 4294 facere
985 4249 1260 4294 coactum.
1296 4238 1402 4299 Sed
1435 4238 1635 4309 quibus
1661 4240 1880 4308 quidem
1911 4247 2077 4294 suave

505 4329 650 4387 esiset
673 4331 892 4386 labores
921 4345 1106 4385 secum
1161 4339 1217 4384 et
1247 4329 1511 4400 pericula,
1559 4339 1614 4384 et
1643 4330 1690 4384 si
1723 4327 1946 4384 necesse
1996 4325 2077 4384 fo-

504 4429 608 4484 r'et.
642 4419 870 4477 mortem
899 4415 1118 4491 quoque
1149 4413 1261 4494 pra:
1289 4421 1448 4477 bonis
1470 4464 1484 4489 ,
1517 4439 1640 4493 quae
1695 4422 1840 4494 apud
1889 4418 2077 4479 hostes

2179 3260 2283 3314 μου
2339 3243 2577 3312 μάλιστα
2623 3239 2929 3308 διαλεχθείη
2963 3236 3101 3307 πρὸς
3151 3234 3372 3296 αὐτοὺς,
3418 3233 3496 3293 ὡς
3525 3231 3652 3283 οὔτε
3675 3230 3741 3281 δί-

2179 3351 2356 3394 καιον,
2392 3331 2517 3386 οὔτε
2552 3330 2728 3394 ἄλλως
2750 3329 2994 3404 εύσεϐὶς,
3025 3326 3122 3380 νῦν
3153 3325 3253 3396 μὶν
3280 3325 3499 3386 πάντας
3531 3323 3665 3391 πρὸς
3689 3321 3740 3372 τδ

2180 3423 2406 3495 βασιλέα
2428 3421 2679 3492 γίνεσθαι
2712 3419 3073 3491 παρακαλεῖν,
3113 3420 3208 3472 καὶ
3238 3417 3369 3487 μίαν
3397 3417 3614 3482 ταύτην
3637 3415 3742 3468 δῶν

2181 3515 2455 3588 σωτηρίας
2489 3515 2748 3585 συνορᾷν,
2787 3512 3016 3594 ὕστερον
3042 3511 3099 3565 δὲ
3129 3511 3195 3564 ἀν
3224 3509 3302 3580 μὴ
3333 3509 3483 3563 κατά
3528 3508 3743 3576 γνώμῃ

2177 3610 2245 3663 τά
2281 3606 2584 3679 πράγματα
2617 3605 2866 3677 ἐκϐαίνῃ,
2895 3602 3332 3664 καταλείποντας
3355 3600 3525 3654 αὑτὸν
3551 3602 3610 3651 ἰν
3639 3599 3739 3657 τοῖς

2179 3699 2446 3763 κινδύνοις
2493 3698 2726 3751 ἕκαστον
2764 3696 3067 3765 ἀναχωρεῖν
3111 3693 3236 3745 ὅποι
3268 3690 3336 3744 ἂν
3369 3689 3506 3760 δοκῇ
3543 3692 3741 3757 cup-,3:-

2185 3809 2319 3861 ρειν,
2353 3787 2510 3854 αὖθις
2551 3787 2788 3861 παρῄνει
2813 3785 3191 3856 μικροψυχεῖν,
3231 3783 3358 3854 μηδ’
3383 3781 3742 3850 ἀπαγορεύειν

2179 3883 2320 3952 πρὸς
2353 3881 2480 3952 τοὺς
2513 3880 2711 3940 πόνους
2741 3879 2839 3930 καὶ
2871 3876 2998 3937 τοὺς
3033 3873 3340 3935 κινδύνους,
3380 3871 3501 3924 ἀλλ’
3523 3871 3739 3939 ἀνδρατι

2178 3975 2502 4044 πρέπουσαν
2551 3970 2824 4039 γενναίοις
2853 3967 3340 4036 ἐπιδεικνυμένους
3396 3964 3661 4032 εὐψυχίαν
3688 3978 3736 4012 τε

2178 4067 2274 4120 καὶ
2301 4066 2530 4133 τόλμαν,
2561 4062 2854 4131 καρτερεῖν
2883 4051 2942 4112 έν
2973 4061 3090 4120 τοῖς
3131 4057 3350 4118 δεινοῖς.
3387 4057 3526 4109 Οὐδὲ
3560 4056 3663 4122 γάρ
3691 4071 3736 4106 τι

2177 4156 2287 4209 τῶν
2312 4153 2564 4226 μεγάλων
2591 4155 2685 4205 καὶ
2717 4150 3128 4217 ἐπαινουμένων
3151 4148 3280 4203 ἄνευ
3313 4149 3498 4200 πόνων
3526 4149 3591 4200 ἄν
3619 4148 3737 4198 ποτέ

2177 4263 2284 4300 τινι
2341 4243 2739 4314 κατορθωθείη.
2777 4244 2840 4296 Ei
2888 4242 2934 4295 δ’
2969 4242 3232 4311 ἥττηνται
3286 4242 3642 4292 παντάπασιν
3683 4238 3734 4288 ἐν

2176 4339 2289 4402 τοῖς
2315 4337 2535 4401 δεινοῖς,
2576 4335 2673 4388 καὶ
2694 4335 2943 4404 ἀντέχειν
2973 4333 3110 4403 πρὸς
3141 4331 3283 4384 αύτά
3335 4331 3524 4384 οὐκέτι
3551 4326 3651 4380 οἷοί
3677 4328 3727 4378 τέ

2178 4433 2342 4498 εἰσιν,
2365 4427 2503 4484 ἁλλά
2550 4429 2659 4482 τῶν
2704 4429 2988 4499 προτέρων
3017 4425 3441 4494 ἐπιλελησμένοι
3472 4423 3758 4495 λοιδοριῶν.

503 4521 854 4586 apparerent,
909 4515 1187 4584 amplecti.
1237 4513 1461 4585 propius
1499 4513 1567 4570 ad
1631 4531 1690 4570 se
1728 4511 2072 4580 accederent,

2180 4525 2275 4580 καὶ
2307 4521 2588 4594 μέμψεων,
2621 4516 2707 4584 αἷς
2729 4523 2854 4580 τοὺς
2882 4522 2944 4572 ἐκ
2966 4520 3441 4586 Γυναικοκάστρου
3475 4518 3728 4570 ἀποστὰν·-
3755 4524 3763 4553 λ’

504 4617 568 4662 ιιι
615 4609 758 4663 scire
809 4616 1035 4677 posset,
1064 4622 1298 4676 quorum
1323 4607 1543 4678 operam
1573 4622 1674 4662 suo
1703 4616 1968 4678 tempore,
2010 4623 2076 4663 ac

503 4702 618 4756 Deo
648 4701 954 4769 opitulante
994 4699 1156 4769 digna
1185 4693 1624 4755 remuneratione
1669 4708 2072 4770 compensaret.

504 4783 608 4859 Qui
656 4789 998 4847 discriminis
1040 4783 1359 4848 societatem
1410 4793 1805 4858 detrectarent,
1838 4783 2072 4845 abirent.

503 4887 818 4942 Secundum
865 4873 983 4940 bene
1032 4887 1216 4940 statim
1249 4887 1302 4938 in
1357 4884 1496 4939 duas
1549 4877 1734 4955 partes
1775 4879 2072 4938 discessum

501 4989 610 5042 est,
640 4989 698 5035 et
730 4978 917 5048 plures
949 4977 1172 5047 quidem
1209 4973 1597 5047 imperatorem
1640 4971 1934 5031 adorantes
1991 4990 2078 5030 re-

501 5067 822 5135 cesserunt;
878 5069 998 5138 plus
1026 5068 1308 5138 quingenti
1356 5068 1628 5121 fortunam
1663 5082 1788 5121 cum
1822 5081 1888 5120 eo
1913 5080 2079 5135 expe-

500 5157 598 5211 riri
629 5158 1060 5214 consuluerunt.
1094 5157 1307 5222 Quibus
1357 5157 1426 5214 de
1465 5145 1652 5211 amore
1707 5171 1762 5212 et
1815 5143 1920 5212 iide
1955 5173 2078 5227 ger-

501 5266 664 5305 mana
723 5267 852 5322 erga
897 5269 956 5307 se
987 5252 1182 5323 gratiis
1231 5249 1392 5317 actis,
1423 5265 1547 5304 cum
1589 5249 1694 5305 illis
1722 5251 1970 5320 reliquiis
2008 5251 2076 5306 ad

503 5337 778 5398 Triballos
803 5359 1058 5400 reversus
1085 5342 1187 5397 est.
1213 5341 1573 5399 Desertorum
1607 5359 1735 5415 pars
1766 5345 1940 5414 major
1979 5347 2080 5400 du-

2174 4633 2273 4680 τας
2305 4615 2555 4676 ἔϐαλλον,
2585 4613 2719 4682 πρὸς
2754 4611 2822 4664 τά
2855 4613 2945 4662 ιἶσα
2975 4608 3265 4678 ὦρμηνται
3299 4610 3395 4660 καὶ
3423 4608 3579 4659 αὐτοὶ
3600 4607 3724 4665 νυνὶ,
3756 4607 3763 4624 ³

2176 4707 2373 4778 πρῶτα
2405 4705 2505 4775 μὲν
2553 4702 2868 4774 μέμφεσθαι
2901 4701 3088 4764 αὐτοῖς
3132 4701 3385 4763 δικαίως,
3417 4698 3493 4762 ὡς
3531 4699 3597 4750 τά
3641 4699 3725 4749 ὐτ-

2175 4783 2456 4872 εσχημένα
2501 4796 2950 4866 παραϐαίνουσι,
3003 4795 3101 4846 καὶ
3157 4793 3509 4862 φαινομένοις
3558 4791 3720 4849 κακὼ

2176 4893 2313 4962 περὶ
2356 4890 2540 4953 αὐτὸν,
2597 4877 2756 4958 ἡνίκα
2787 4885 3027 4956 μάλιστα
3055 4885 3165 4938 εδει
3201 4886 3459 4944 συνόντας
3489 4880 3712 4948 ὠφελεῖν.

2178 4986 2414 5038 Ἔπειτα
2463 4982 2527 5035 οὐ
2569 4979 2940 5049 κατασχήσειν
2979 4977 3254 5038 ἄκοντας·
3310 4975 3435 5029 οὐδὲ
3471 4976 3596 5045 γὰρ,
3623 4968 3712 5023 οὐδ’

2177 5075 2418 5147 ἰξαρχῆς
2447 5075 2595 5145 αὐτῷ
2617 5090 2672 5127 τι
2700 5073 2838 5143 πρὸς
2867 5073 3120 5145 ἀνάγκην
3146 5071 3259 5123 τινὶ
3289 5069 3598 5139 εἰργάσθαι·
3617 5062 3713 5119 ἀλλ’

2176 5165 2338 5229 αὐτὸς
2366 5167 2564 5236 μᾶλλον
2593 5167 2688 5219 καὶ⁵
2713 5166 2748 5219 ἃ
2776 5165 2852 5235 μὴ
2887 5164 3029 5217 κατά
3054 5161 3280 5233 γνώμην
3305 5157 3371 5231 ἦν
3404 5161 3539 5229 πρὸς
3570 5160 3710 5220 ἀναγ-

2178 5274 2284 5326 κην
2341 5258 2603 5327 πράττειν
2633 5255 2820 5327 ἦγε-ιο.
2871 5254 3012 5308 ἶΑλλ⁹
3043 5251 3124 5314 οἷς
3155 5252 3256 5322 μὲν
3307 5252 3405 5321 ἡδὺ
3437 5238 3565 5311 ’τοὺς
3613 5246 3710 5315 μετ’

2179 5349 2343 5403 αὑτοῦ
2371 5351 2565 5413 πόνους
2595 5351 2693 5402 καὶ
2720 5347 3004 5410 κινδύνους
3031 5346 3128 5400 καὶ
3150 5344 3380 5399 θάνατον
3406 5346 3452 5397 εἰ
3477 5343 3599 5405 δέοι,
3616 5339 3705 5390 τῶν

1736 5477 1955 5541 Jaeobi
1987 5479 2250 5542 Pontani
2288 5487 2477 5544 notua.

449 5661 466 5668 _
577 5598 652 5668 (6)
685 5597 970 5652 Terentius

503 5668 620 5723 lion
674 5669 732 5736 ﬁt
793 5671 907 5722 sine
953 5669 1186 5736 periculo
1228 5671 1435 5740 [acinus
1483 5685 1732 5740 magnum
1782 5680 1829 5755 ςι
1877 5687 2072 5755 premo-

511 5809 775 5867 Labolem
820 5811 1002 5883 gloriae
1048 5821 1256 5882 patrem
1303 5812 1514 5865 vocavit
1565 5741 2066 5880 Elll'lpldle':btl\€ltl¢

2180 5601 2452 5672 symbolas
2498 5611 2714 5674 nostras
2757 5603 2810 5658 in
2845 5601 2976 5658 illud
3015 5617 3079 5674 ex
3121 5577 3312 5674 ῥέοι-9.
3356 5599 3444 5654 lib.
3472 5616 3482 5651 ι
3515 5594 3704 5674 ε-ιταίιον

2178 5671 2356 5727 omnia
2407 5675 2568 5728 uincit
2623 5673 2926 5742 improbus.
2980 5673 3068 5728 ubi
3117 5671 3357 5726 laborem
3411 5687 3473 5722 ει
3516 5671 3702 5735 dplulm‘

2177 5743 2538 5813 scriptaribus
2574 5745 2928 5798 laudavimus.

3394 5913 3496 5922 ην,
3514 5916 3528 5921 ,
3559 5904 3638 5918 ,κ
