3962 6564
300 440 404 504 997

1433 436 2251 503 lllSTthlARUM'LlBER
2296 441 2407 505 Ill.

3435 444 3543 508 998

300 552 433 622 περί
461 550 689 621 βασιλέα
715 552 932 617 ἀδικίας
984 554 1140 617 δίκας
1194 556 1678 624 εἰσπραττόμενοι),
1705 557 1846 624 ὑπερ

1979 563 2085 614 tur,
2114 564 2174 607 ut
2213 572 2359 609 nunc
2404 557 2596 610 saltem
2644 573 2703 610 se
2757 556 3081 625 respiceret,
3139 557 3413 627 missoque
3471 560 3537 611 ad

299 643 449 711 όριον
476 643 759 709 ἀποδεῖξαι
783 647 881 698 καὶ
905 646 1187 717 πλανήτην
1229 648 1532 716 περιιόντα,
1568 650 1655 700 ἐπ’
1686 650 1866 711 ἄλλοις

300 734 400 806 τὴν
452 735 644 788 ἐλπίδα
672 736 861 806 ἔχοντα
889 737 992 805 τῆς
1024 738 1321 809 σωτηρίας.
1352 739 1586 794 Ἔπειτα
1609 740 1866 793 συνεϐού-

298 826 461 880 λευεν
489 829 538 881 εἰ
574 827 652 899 μὴ
679 831 967 900 πρότερον,
1005 829 1141 891 ἀλλά
1168 830 1265 884 νῦν
1297 848 1361 901 γε
1388 833 1444 884 si.
1474 835 1717 886 συνοῖσον
1741 851 1867 887 συν-

258 964 263 973 ,
300 920 500 985 ιδόντα,
551 922 849 987 πρεσϐείαν
898 924 1227 994 ποιήσασθαι
1277 927 1412 995 πρπ
1454 925 1738 995 βασιλίδι,
1771 925 1867 979 καὶ

299 1011 489 1082 ίκέτην
518 1012 689 1081 αὐτῆς
712 1031 770 1066 τε
793 1016 889 1068 καὶ
914 1016 1279 1087 πατριάρχου,
1317 1018 1412 1070 καὶ
1436 1018 1534 1086 τῆς
1558 1017 1862 1088 συγκλήτου

299 1104 496 1173 βουλῆς
525 1105 801 1172 γενέσθαι,
857 1106 997 1160 ὥστε
1031 1110 1125 1162 ἐπὶ
1169 1111 1282 1168 τοῖς
1311 1111 1703 1180 γεγενημένοις
1736 1127 1867 1180 συγ-

296 1197 529 1263 γνώμης
560 1197 925 1262 ἀξιώσαντας,
956 1200 1213 1270 πρόνοιάν
1239 1220 1361 1254 τινα
1408 1201 1743 1273 ποιήσασθαι
1771 1203 1869 1254 αύ-

294 1287 415 1346 τοῦ.
445 1290 539 1340 καὶ
560 1289 634 1358 μὴ
670 1290 961 1360 ὑπερόριος
988 1294 1281 1361 ἀπόληται,
1308 1293 1562 1363 οὐδεμιᾶς
1592 1294 1623 1364 ἦ
1654 1288 1865 1363 φαύλης

296 1379 448 1440 τινὸς
477 1378 694 1441 ἐλπίδος
716 1380 797 1433 ἔτι
818 1380 1273 1452 ὑπολειπομένης.
1301 1384 1565 1446 Βασιλεὺς
1592 1383 1669 1449 δὲ,
1697 1384 1864 1438 Οὐδὲν

297 1469 636 1538 θαυμαστὸν,
670 1467 849 1537 εἶπεν,
871 1475 917 1526 εἰ
948 1475 1164 1544 μεθύων
1186 1493 1269 1539 τις
1294 1479 1387 1532 καὶ
1409 1477 1866 1547 παραφερόμενος

299 1559 395 1613 ὑπ’
442 1562 804 1633 ἀναισθησίας
829 1565 995 1619 οἴοιτο
1042 1567 1134 1620 καὶ
1160 1568 1285 1629 τοὺς
1315 1566 1508 1630 ἄλλους
1540 1570 1606 1620 τὰ
1632 1567 1724 1620 ῐσα
1763 1567 1866 1631 πά-

300 1670 473 1721 σχειν.
504 1655 611 1707 Καὶ
643 1657 706 1709 σὺ
730 1658 909 1709 τοίνυν
935 1660 999 1728 τῇ
1031 1661 1162 1729 κενῇ
1193 1659 1320 1730 δόξῃ
1352 1660 1446 1712 καλ⁸
1479 1660 1738 1731 φιλαρχίᾳ
1760 1676 1862 1712 κα-

1973 649 2270 715 Augustam
2308 648 2506 712 legato,
2546 649 2741 717 ipsam,
2772 650 3138 718 patriarcham
3168 660 3333 719 atque
3358 653 3542 707 consi-

1973 740 2106 793 lium
2165 739 2494 808 suppliciter
2516 750 2723 804 oraret,
2775 753 2834 797 ιιι
2865 743 2988 796 data
3033 744 3326 811 praeteritis
3356 746 3538 806 venia.

1974 831 2156 900 aliqua
2196 846 2253 884 se
2282 847 2411 887 cura
2449 831 2827 903 dignarentur,
2858 848 2961 887 nec
2994 834 3062 887 ab
3087 812 3241 888 omni
3274 835 3416 889 bona
3444 850 3539 902 spe

1972 922 2277 989 desertum,
2321 923 2547 979 interire
2581 936 2854 980 extorrem
2901 933 3237 994 paterentur.
3276 926 3410 979 Tum
3440 928 3543 980 im-

1972 1022 2193 1081 perator
2227 1030 2240 1067 :
2272 1013 2424 1066 Haud
2463 1015 2685 1077 mirum,
2722 1014 2820 1077 ait,
2854 1018 2898 1068 si
2933 1014 3124 1068 ebrius
3157 1016 3452 1084 quispiam,
3484 1025 3541 1067 et

1974 1104 2026 1157 in
2060 1104 2247 1157 urbem
2283 1114 2457 1169 actus,
2491 1119 2652 1157 sensu
2685 1103 2993 1169 deficiente,
3033 1113 3235 1159 terram
3290 1104 3536 1159 stabilem

1971 1206 2027 1251 et
2080 1196 2459 1249 inconcussam
2515 1195 2767 1249 vacillare
2816 1206 2992 1264 putet,
3044 1200 3166 1256 nec.
3222 1199 3268 1250 si
3329 1198 3537 1250 insania

1973 1299 2283 1357 correptus,
2338 1289 2475 1341 alios
2529 1300 2750 1357 quoque
2796 1287 3009 1357 iudicet
3056 1289 3317 1343 insanire.
3370 1290 3434 1344 Et
3483 1302 3536 1343 tu

1974 1381 2141 1450 igitur
2183 1380 2328 1434 inani
2363 1381 2534 1450 gloria
2588 1390 2644 1435 et
2698 1395 2888 1435 amore
2918 1381 3234 1436 dominandi
3275 1384 3538 1438 subactus

1968 1472 2152 1543 plane,
2185 1472 2541 1541 proditorque
2562 1472 2849 1537 maximus,
2878 1474 3017 1527 nihil
3040 1475 3262 1538 mirum,
3289 1477 3337 1529 si
3355 1477 3541 1530 inson-

1973 1573 2078 1617 tem
2098 1571 2184 1617 me
2206 1563 2523 1618 eorumdem
2556 1565 2845 1619 criminum
2870 1564 3219 1620 condemnes.
3241 1566 3534 1621 Meministi

1970 1656 2245 1722 quomodo
2273 1671 2395 1708 cum
2443 1655 2508 1708 ad
2553 1655 2775 1709 virtutis
2822 1655 3094 1719 alumnos,
3128 1656 3535 1725 honestatisque

298 1748 507 1816 τάκρας
537 1746 717 1810 ἁλοὺς,
740 1748 833 1801 καὶ
867 1749 1156 1819 προδοσίαν
1177 1750 1276 1822 τὴν
1303 1752 1536 1820 ἐσχάτην
1568 1749 1855 1820 εἰργασμέ-

1970 1756 2265 1811 amatores,
2315 1754 2370 1800 et
2424 1746 2663 1801 cultores
2724 1747 2780 1801 in
2833 1748 2977 1801 Atho
3029 1758 3215 1802 monte
3266 1748 3533 1808 scribens,

296 1854 410 1900 νος,
440 1838 590 1891 οὐδὲν
619 1838 959 1909 θαυμαστὸν,
1009 1842 1058 1893 εἰ
1092 1841 1162 1895 τὰ
1193 1842 1284 1895 ῑσα
1326 1845 1419 1896 καὶ
1448 1842 1584 1912 ἐμοῦ
1616 1844 1855 1914 καταψη·

1974 1850 2069 1891 eos
2101 1838 2262 1891 enixe
2316 1851 2590 1906 rogassem
2633 1846 2693 1891 ut
2732 1837 3047 1908 Byzantium
3082 1838 3381 1902 venientes,
3411 1854 3534 1893 cum

294 1930 430 2001 φίζῃ
492 1931 659 2000 μηδὲν
698 1904 943 1986 τοιοῦτον
988 1935 1371 2005 εἰργασμένου.
1427 1904 1599 1989 Οίσθα
1647 1904 1855 2007 γάρίῦς

1970 1929 2342 1999 imperatrice,
2383 1904 2718 1999 patriarcha,
2765 1904 2995 1998 etquod
3035 1932 3326 1983 nominasti
3348 1929 3536 1985 consl-

294 2022 430 2092 ἐμοῦ
456 2026 569 2086 τοῖς
599 2024 837 2098 ἐν’Ᾱθῳ
865 2026 1067 2095 ἀρετῆς
1106 2027 1598 2098 ἀντιποιουμένοις,
1629 2029 1722 2082 καὶ
1768 2027 1862 2091 τοῦ
1932 2020 2066 2085 «ἰίο,
2122 2019 2190 2074 de
2244 2034 2375 2089 pace
2428 2029 2674 2090 agerent,
2717 2019 3139 2090 deponendique
3190 2020 3341 2080 belli,
3387 2021 3534 2089 quod

294 2113 467 2168 καλοῦ
496 2114 588 2168 καὶ
619 2094 877 2179 ἐρασταῖς
904 2094 1163 2187 ἐργάταις
1187 2094 1542 2188 γεγραφότος,
1574 2119 1668 2173 καὶ
1695 2121 1855 2173 πολλά

1969 2110 2216 2166 confinis
2244 2110 2747 2174 criminationibus,
2795 2110 2928 2164 mihi
2958 2110 3277 2164 immerenti
3321 2110 3536 2166 intulis-

1967 2214 2107 2269 sent,
2143 2215 2398 2261 auctores
2445 2205 2665 2269 ﬂerent,
2719 2220 2845 2275 cum
2902 2205 3025 2257 aliis
3087 2213 3138 2258 te
3193 2218 3435 2274 quoque,
3476 2212 3536 2259 ut

1966 2296 2345 2352 sanctimoniae
2402 2298 2586 2351 studio
2644 2297 2961 2367 ﬂagrantem
3019 2297 3268 2359 scilicet,
3328 2305 3384 2351 et
3432 2304 3534 2365 pro

1969 2388 2168 2444 tuenda
2233 2388 2563 2450 honestate,
2623 2370 3015 2456 communique
3074 2386 3255 2440 fructu
3321 2386 3530 2441 nullum

1965 2491 2238 2534 certamen
2283 2480 2714 2534 dctrectaturum
2752 2479 3169 2547 assumpserint.
3207 2478 3410 2533 Verum
3450 2478 3531 2533 illi

1964 2581 2111 2627 recte
2158 2588 2309 2632 sane,
2348 2581 2403 2625 et
2453 2586 2575 2641 qua:
2629 2571 2875 2640 oportuit
2931 2585 3057 2624 cum
3088 2571 3344 2625 libertate
3371 2571 3528 2625 dixe-

1964 2672 2114 2726 runt,
2162 2677 2494 2731 suarumque
2525 2662 2762 2731 partium
2793 2661 2929 2714 nihil
2963 2664 3451 2729 praetermiserunt,
3475 2671 3533 2715 et

1962 2754 2031 2809 ab
2063 2756 2129 2808 iis
2153 2754 2247 2822 qui
2285 2768 2479 2808 eorum
2532 2752 2900 2823 integritatem
2947 2766 3325 2821 corrumpere,
3363 2760 3527 2820 atque

1961 2859 1992 2898 a
2026 2847 2258 2898 veritate
2290 2844 2345 2897 in
2377 2842 2655 2897 diversum
2687 2858 2882 2913 rapere
2913 2845 3129 2913 magnis
3174 2844 3528 2914 pollicitatio-

1961 2935 2125 2989 nibus
2183 2935 2549 2999 conabantur,
2598 2936 2856 3002 a‘primis
2910 2934 3333 3003 cogitationibus
3390 2936 3527 3001 suis,

1960 3035 2125 3095 atque
2162 3026 2230 3078 ab
2269 3014 2355 3079 'eo
2409 3022 2555 3094 quod
2627 3025 2794 3079 semel
2853 3024 3144 3079 honestum
3204 3040 3267 3079 ac
3316 3026 3523 3095 justum

1955 3115 2314 3186 iudicassent,
2348 3124 2463 3168 non
2489 3112 2617 3169 aunt
2644 3114 2861 3168 dimeti.
2907 3112 3023 3179 Qua
3053 3114 3122 3168 de
3149 3128 3311 3167 causa
3352 3128 3526 3183 usque

297 2203 586 2274 δεηθέντος
638 2205 776 2270 πρὸς
826 2204 1124 2269 Βυζάντιον
1155 2206 1352 2271 ἐλθεῖν,
1381 2209 1473 2263 καὶ
1509 2208 1739 2278 βασιλίδι
1767 2209 1862 2262 καὶ

297 2296 639 2366 πατριάρχῃ,
672 2297 765 2348 καὶ
794 2289 876 2358 οἷς
902 2296 1067 2360 αὐτὸς
1095 2296 1383 2365 ὀνομάζεις
1406 2296 1710 2368 σύγκλητον
1734 2297 1861 2368 βου-

293 2387 418 2459 λὴν,
450 2387 799 2457 διαλεχθῆναι
836 2375 966 2461 περὶ
999 2389 1243 2461 εἰρήνης,
1281 2392 1374 2442 καὶ
1424 2392 1609 2443 πεῖσαι
1643 2391 1861 2444 κατατί-

294 2477 490 2532 θεσθαι
520 2478 612 2531 τὸν
633 2478 893 2548 πόλεμον,
919 2478 978 2531 δν
1004 2479 1205 2543 ἀδίκως
1228 2481 1551 2551 κεκινήκασι
1580 2479 1701 2533 κατ’
1722 2480 1857 2551 ἐμοῦ

293 2567 467 2637 μηδὲν
488 2568 832 2639 ἠδικηκότος,
862 2569 1226 2639 συκοφαντίας
1256 2570 1595 2641 πλασάμενοι
1629 2570 1724 2624 καὶ
1747 2572 1859 2625 δια·

293 2659 482 2722 σολάς,
544 2660 682 2727 μετά
734 2658 842 2712 τῶν
898 2659 1076 2714 ἀλλων
1111 2660 1509 2732 παρειλήφασι,
1567 2664 1661 2715 καὶ
1693 2661 1752 2714 se
1783 2662 1859 2723 ὡς

290 2748 498 2819 ἀρετῆς
528 2749 978 2820 ἀντιποιούμενον
1011 2750 1196 2816 δῆθεν,
1234 2753 1327 2805 καὶ
1357 2752 1495 2824 ὑπὲρ
1541 2753 1633 2806 τοῦ
1662 2752 1854 2818 καλοῦ,

288 2842 390 2893 καὶ
420 2837 514 2893 τοῦ
550 2844 701 2911 κοινῇ
746 2840 1156 2906 λυσιτελοῦντος
1212 2843 1610 2915 βουλησόμενον
1643 2846 1856 2899 διακιν-

286 2929 560 3012 δυνεύεινέ
600 2931 744 2985 Ἀλλ’
776 2933 980 2987 ἐκεῖνοι
1009 2935 1110 3004 μὲν
1134 2936 1317 3000 καλῶς
1346 2937 1631 3000 ποιοῦντες
1652 2977 1667 3002 ,
1697 2937 1767 2991 τά
1796 2954 1855 3012 τε

287 3022 482 3075 δέοντα
500 3004 753 3095 εἰρήκασι
785 3025 922 3095 μετά
951 3026 1286 3098 παρρησίας,
1310 3029 1406 3081 καὶ
1433 3029 1539 3081 τῶν
1563 3032 1635 3091 εἰς
1658 3006 1857 3093 αὐτοῦς

288 3113 535 3181 ἡκόντων
584 3115 829 3168 ἐνέλιπον
856 3115 1033 3182 οὐδὲν,
1086 3121 1183 3171 καὶ
1215 3118 1324 3172 τῶν
1360 3119 1695 3190 διαφθείρειν
1731 3122 1855 3192 βου·

288 3204 536 3273 λομένων
590 3206 685 3258 καὶ
721 3192 1089 3276 ’διαστρέφειν
1138 3208 1247 3275 ἀπὸ
1272 3209 1368 3280 τῆς
1410 3209 1691 3281 ἀληθείας,
1728 3212 1853 3266 ούδὶ

1962 3204 2127 3258 hodie
2152 3204 2206 3257 in
2246 3196 2416 3258 multa
2442 3218 2693 3259 aerumna
2725 3211 2871 3258 sunt.
2908 3204 2988 3257 Tu
3010 3212 3191 3258 autem
3218 3204 3523 3274 imperandi

290 3298 738 3368 ἐπεστράφησαν,
775 3297 947 3350 πολλά
974 3299 1460 3370 ἐπαγγελλομένων
1495 3301 1555 3355 εῦ
1584 3304 1849 3374 ποιήσειν,

288 3389 433 3442 ἀλλά
457 3393 567 3453 τοῖς
591 3390 826 3462 ἐξαρχῆς
881 3392 1164 3461 ἐνέμειναν
1185 3393 1485 3465 λογισμοῖς,
1513 3396 1605 3448 καὶ
1632 3399 1697 3466 τῇ
1723 3399 1853 3467 περὶ

285 3481 386 3534 τοῦ
418 3482 584 3535 καλοῦ
617 3485 711 3535 καὶ⁸
750 3482 966 3536 δικαίου
995 3484 1202 3555 κρίσει.
1259 3487 1337 3538 Δι’
1365 3485 1401 3540 ἀ
1433 3488 1527 3540 καὶ
1562 3488 1724 3558 μέχρι
1757 3489 1853 3542 νῦν

286 3573 509 3636 πολλοῖς
563 3574 1145 3644 προσταλαιπωροῦσιν
1190 3573 1482 3644 ἀλγεινοῖς.
1536 3577 1609 3631 Σὺ
1660 3576 1706 3629 δ’
1747 3578 1853 3632 ὑπὸ

290 3663 587 3735 φιλαρχίας
617 3666 711 3717 καὶ
739 3646 837 3735 τῆς
894 3667 1036 3718 κατὰ
1091 3665 1191 3734 τὴν
1246 3666 1664 3735 ἀρχιερωσύνην
1695 3666 1851 3735 δόξης

285 3755 840 3824 ὴττηθείςαίσχρῶς,
892 3757 984 3808 καὶ
1044 3757 1172 3818 τοὺς
1226 3756 1682 3825 συμπρεσϐευτὰς
1716 3761 1852 3826 μετά

287 3846 388 3899 τοῦ
419 3846 631 3900 δικαίου
656 3848 748 3899 καὶ
771 3849 867 3917 τῆς
903 3848 1161 3917 ἀληθείας
1189 3848 1507 3914 προῦδωκας
1532 3867 1546 3882 θ
1569 3846 1650 3913 οἷς
1675 3852 1744 3921 ἀρ
1753 3853 1852 3921 μό-

289 3955 378 3989 σει
415 3937 607 4006 μικρδν
632 3936 1041 4001 ὕπαλλάξαντας
1062 3937 1123 3992 τδ
1147 3939 1251 3992 ὑπὸ
1298 3940 1507 3994 Παύλου
1531 3943 1624 3994 τοῦ
1648 3943 1851 3996 θεσπε-

287 4028 414 4079 σίου
450 4028 735 4096 εἰρημένον
758 4029 887 4097 περί
904 4031 1083 4096 Δημᾶ,
1109 4030 1202 4082 καὶ
1225 4031 1355 4102 περὶ
1388 4030 1482 4083 σοῦ
1514 4034 1689 4085 εἰπεῖν
1709 4034 1848 4096 νυνὶ,

284 4119 371 4170 ὅτι
401 4135 419 4169 ι
449 4119 733 4189 Μακάριος
754 4121 899 4187 ἡμᾶς
928 4121 1300 4189 ἐγκατέλιπεν,
1318 4124 1606 4192 ἀγαπήσας
1635 4124 1726 4179 τὸν
1757 4126 1851 4178 νῦν

283 4209 481 4273 αἰῶνα,
512 4212 602 4261 καὶ
655 4210 926 4280 ἐπορεύθη
959 4213 1037 4274 εἰς
1066 4211 1488 4284 θεσσαλονίκην.
1531 4234 1551 4268 ε
1592 4217 1659 4268 Ἀ
1682 4218 1850 4288 ἐχρῆν

287 4316 357 4366 με
369 4299 664 4367 μνημένον,
694 4303 787 4353 καὶ
813 4300 885 4363 ὡς
915 4301 1008 4355 νῦν
1035 4302 1370 4374 ἀνοσιώτερα
1410 4306 1502 4358 καὶ
1544 4307 1851 4380 ἀδικώτερα

284 4389 473 4459 πολλῷ
504 4392 727 4462 τολμᾷς,
773 4392 864 4446 τὸν
904 4393 1057 4446 οὐδὲν
1084 4395 1184 4464 ἐμὲ
1217 4396 1513 4466 ἠδικηκότα
1535 4388 1849 4472 αὐτοχειρίᾳ

287 4484 574 4551 μονονουχὶ
600 4483 939 4552 πειρώμενος
967 4487 1230 4552 φονεύειν,
1247 4489 1407 4558 χάριν
1423 4490 1577 4554 ἀξίαν
1599 4495 1656 4543 ἐν
1680 4493 1849 4565 τούτῳ

1962 3296 2223 3366 cupidine
2272 3300 2328 3349 et
2353 3296 2702 3363 episcopatus
2721 3293 3013 3362 splendore
3042 3293 3279 3363 turpiter
3299 3309 3526 3363 supera-

1962 3400 2071 3448 tus.
2103 3390 2270 3443 etiam
2330 3386 2617 3457 legationis
2676 3386 2855 3441 socios
2904 3401 3011 3440 una
3061 3401 3185 3441 cum
3226 3387 3439 3456 iustitia
3466 3397 3524 3440 et

1960 3483 2191 3534 veritate
2233 3478 2520 3548 prodidisti
2560 3495 2573 3531 :
2613 3478 2705 3547 qui
2740 3476 2874 3531 illud
2923 3477 3034 3531 divi
3068 3476 3220 3533 Pauli
3260 3478 3327 3531 de
3361 3479 3521 3532 Dema

1959 3571 2173 3627 modice
2190 3572 2537 3626 immutatum
2556 3570 2649 3623 tibi
2672 3578 2897 3640 possunt
2916 3572 3197 3625 occipere:
3220 3589 3238 3622 ι
3260 3570 3529 3626 Macarius

1959 3679 2060 3718 nos
2093 3664 2335 3732 reliquit,
2382 3663 2615 3731 diligens
2675 3663 2778 3715 boc
2808 3663 3087 3725 sazculum,
3133 3671 3190 3715 et
3241 3661 3522 3730 profectus

1956 3767 2041 3809 est
2091 3753 2558 3808 Thessalonicam.
2598 3770 2616 3804 ι
2650 3751 2895 3817 Quorum
2945 3763 2999 3807 te
3057 3766 3355 3806 memorem
3398 3762 3522 3807 esSe
3628 3754 3631 3759 ⁴

1956 3852 2263 3913 oportebat,
2297 3854 2353 3897 et
2386 3844 2580 3896 horum
2612 3844 2797 3907 simul,
2819 3859 2941 3912 qua:
2964 3858 3111 3897 nunc
3140 3844 3517 3909 sceleratiora,

1958 3935 2237 4004 magisque
2283 3934 2450 4003 impia
2484 3951 2591 3988 non
2628 3934 2954 3989 reformidas
2985 3953 2996 3988 :
3034 3934 3199 4004 520
3225 3936 3356 3989 dum
3410 3950 3519 4000 me,

1957 4029 2051 4098 qui
2087 4028 2198 4082 laesi
2225 4028 2522 4092 neminem,
2557 4037 2766 4081 tantum
2818 4044 2926 4081 non
2981 4043 3080 4097 per
3111 4037 3275 4081 temet
3301 4030 3521 4085 conaris

1956 4114 2207 4175 occidere
2273 4121 2486 4191 (dignas
2524 4120 2780 4173 videlicet
2808 4121 2929 4185 isto
2956 4120 3118 4172 modo
3142 4121 3343 4189 gratias
3379 4121 3519 4174 rel‘c-

1958 4230 2086 4269 reus
2125 4215 2212 4277 iis,
2267 4214 2362 4283 qui
2414 4216 2786 4283 episcopatum
2838 4212 2932 4266 tibi
2986 4214 3430 4278 mandaverunt),
3464 4224 3518 4267 et

1956 4304 2162 4361 nefarie
2186 4306 2361 4360 eﬂ'uso
2407 4286 2679 4374 sanguine
2707 4286 2900 4358 manus
2928 4314 3048 4359 tuas
3097 4305 3367 4360 scelcr..re
3403 4325 3417 4360 :
3445 4306 3517 4359 ita

1956 4415 2042 4454 me
2068 4399 2293 4469 ingratae
2323 4406 2377 4451 et
2407 4398 2668 4465 improbae
2696 4396 2747 4450 in
2790 4396 3176 4465 imperatorem
3213 4399 3517 4451 voluntatis

1916 4480 2065 4544 ¹ιιοιι
2117 4502 2461 4550 accusasses,
2512 4487 2604 4557 qui
2655 4487 2791 4540 nihil
2846 4494 3088 4557 unquam
3120 4490 3240 4557 ejus
3278 4478 3516 4543 amicitia

282 4569 711 4635 κατατιθέμενος
741 4574 853 4633 τοῖς
880 4571 979 4641 τὴν
1001 4562 1417 4647 ἀρχιερωσύνην
1452 4562 1848 4650 ἐγχειρίσασιν,

1959 4583 2231 4651 indignum
2278 4580 2609 4649 perpetrari.
2646 4579 2719 4633 De
2774 4594 2893 4632 mea
2948 4578 3198 4648 igiturin
3256 4579 3406 4633 illum
3460 4590 3513 4634 et

284 4659 519 4724 αἵμασιν
553 4658 759 4723 ἀδίκοις
790 4661 1034 4739 μολύνων
1055 4667 1152 4728 τὰς
1176 4668 1384 4735 χεῖρας,
1419 4669 1494 4738 μὴ
1518 4671 1649 4739 ἐμοῦ
1675 4690 1848 4727 κατα-

286 4748 629 4815 ψηφίζεσθαι
657 4751 871 4806 ἀδικίαν
904 4738 997 4807 καί
1040 4757 1433 4829 ἀγνωμοσύνην
1466 4738 1592 4830 περὶ
1625 4764 1849 4832 βασιλέα

284 4840 444 4891 οὐδὲν
472 4838 593 4892 οὔτε
626 4841 911 4911 πρότερον,
939 4842 1062 4897 οὔτε
1092 4846 1256 4915 μέχρι
1282 4847 1374 4900 νῦν
1405 4848 1621 4914 ἀνάξιον
1649 4854 1745 4921 τῆς
1768 4854 1851 4918 εἰς

284 4930 497 4982 ἐκεῖνον
545 4930 727 4999 φιλίας
778 4935 1165 5004 εἰργασμένου.
1230 4934 1365 5008 Περὶ
1392 4939 1492 5008 μὲν
1520 4937 1613 4994 οὖν
1644 4943 1744 5010 τῆς
1769 4946 1848 5007 εἰς

286 5019 517 5087 βασιλέα
544 5021 639 5074 καὶ
662 5023 785 5085 τοὺς
838 5024 1033 5088 παῖδας
1061 5026 1195 5094 ἐμοῦ
1218 5029 1659 5098 εὐγνωμοσύνης,
1692 5032 1848 5096 λόγον

281 5106 482 5163 οὐδένα
510 5110 645 5177 πρὸς
677 5112 736 5164 at
770 5116 1065 5184 ποιήσομαι
1096 5119 1211 5168 νυνί
1237 5116 1493 5182 καθάπαξ
1523 5121 1621 5181 τὰς
1646 5122 1848 5189 φρένας

279 5200 629 5270 διεφθορότα,
660 5206 753 5256 καὶ
790 5204 974 5269 ἀδικα,
1004 5208 1098 5260 καὶ
1151 5209 1443 5279 παράνομα
1488 5211 1596 5283 ,καὶ
1623 5209 1847 5277 λέγοντα

284 5291 386 5341 καὶ
420 5290 797 5361 διανοούμενον
828 5297 953 5366 περὶ
990 5295 1147 5366 ἐμοῦ,
1180 5297 1295 5351 ἀλλ’
1343 5297 1568 5369 ὕστερον
1597 5301 1758 5371 ἡνίκα
1783 5294 1848 5356 ἂν

287 5378 457 5452 ἐθέλῃ
484 5381 638 5445 Θεός.
689 5383 826 5452 Περὶ
851 5386 909 5438 δὲ
946 5381 1018 5439 ὧν
1052 5389 1297 5457 εἰρηκας,
1336 5387 1411 5452 ὡς
1445 5390 1527 5443 δεῖ
1576 5386 1847 5460 βασιλίδος

1951 4675 2157 4729 liberos
2186 4674 2304 4742 ejus
2329 4672 2529 4740 pietate
2572 4671 2782 4724 nullum
2814 4685 2963 4724 nunc
2990 4680 3169 4725 tecum
3218 4670 3387 4724 semel
3421 4670 3515 4725 dc-

1953 4776 2199 4836 pravato,
2241 4779 2303 4816 ac
2331 4764 2397 4817 de
2429 4777 2514 4815 me
2539 4760 2775 4831 pessime
2805 4760 3182 4823 existimante,
3228 4762 3514 4829 loquente-

1948 4871 2056 4927 que
2093 4855 2317 4909 verbum
2354 4852 2701 4907 commutabo
2729 4852 2861 4907 :sed
2894 4867 3020 4923 cum
3067 4853 3211 4907 Deus
3252 4853 3505 4908 voluerit.

1947 4944 2106 5010 Quod
2166 4955 2349 4996 autem
2400 4941 2633 5010 iujecisti
2673 4942 2726 4993 in
2778 4942 3069 5000 sermone,”
3114 4951 3368 5009 oportere
3422 4956 3509 4995 me

1953 5033 2288 5101 imperatrici
2344 5046 2408 5084 ac
2458 5029 2786 5099 patriarcha:
2850 5030 3195 5097 supplicare,
3267 5040 3327 5082 ut
3383 5031 3509 5083 data

1948 5125 2131 5189 venia,
2162 5125 2322 5179 saluti
2350 5138 2486 5177 mea:
2501 5130 2846 5190 prospectum
2879 5121 3069 5183 velint,
3099 5119 3233 5175 illud
3265 5123 3511 5190 apposite

1914 5204 1917 5207 ’
1948 5215 2362 5283 responderim,
2404 5233 2423 5265 ε
2455 5213 2603 5267 Filiae
2644 5212 2968 5276 Jerusalem,
2999 5213 3166 5279 nolite
3192 5211 3321 5267 ﬁere
3349 5216 3514 5283 super

1947 5324 2056 5371 me,
2091 5307 2185 5361 sed
2235 5320 2402 5375 super
2444 5319 2544 5358 vos
2589 5305 2735 5373 ipsas
2780 5303 2925 5366 ﬂete,
2967 5311 3025 5357 et
3055 5319 3222 5372 super
3255 5304 3397 5360 ﬁlios
3418 5320 3513 5360 ve-

1946 5398 2145 5465 stros'.
2183 5412 2203 5449 ι
2235 5395 2357 5450 Haec
2384 5394 2452 5448 ad
2492 5393 2785 5448 Macarinm
2815 5406 2997 5446 coram
3023 5393 3340 5463 imperator.

291 5470 483 5538 ἱκέτην
513 5475 627 5524 καὶ»
656 5474 1000 5547 πατριάρχου
1053 5478 1301 5542 γενέσθαι
1335 5480 1410 5542 ὡς
1433 5481 1499 5535 ἂν
1524 5487 1855 5556 συγγνώμην
1894 5492 2303 5559 παρασχόμενοι
2372 5486 2629 5556 πρόνοιάν
2668 5502 2789 5539 τινα
2849 5486 3183 5560 ποιήσωνται
3216 5482 3343 5563 πρὶν
3372 5496 3512 5547 παν-

361 5823 381 5854 ⁸
408 5822 541 5877 Luc.
572 5838 725 5889 astu,
754 5823 859 5880 ‘28.-

281 5565 524 5614 τάπασιν
584 5565 900 5633 ἀπολέσθαι,
940 5571 1116 5622 ἐκεῖνο
1172 5570 1425 5643 εῦκαιρον
1473 5578 1666 5641 εἰπεῖν,
1696 5579 1789 5648 ὅτι,
1817 5599 1835 5631 ι
1868 5582 1959 5652 Μὴ
1994 5581 2205 5633 κλαίετε
2257 5580 2343 5631 ἐπ’
2391 5578 2515 5649 ἐμὲ,
2545 5578 2839 5650 θυγατέρες
2890 5578 3261 5656 Ἰερουσαλὴμ,
3287 5584 3401 5638 ἀλλ’
3422 5583 3514 5655 ἐφ’

283 5658 506 5723 ἑαυτὰς,
540 5663 635 5753 καὶ
658 5662 750 5715 ἐπὶ
778 5664 847 5717 τά
880 5664 1045 5719 τέκνα
1076 5667 1251 5738 ὑμῶν.
1288 5687 1306 5721 ι
1356 5670 1494 5740 Πρὸς
1528 5674 1625 5741 μὲν
1651 5670 1744 5727 οῦν
1773 5676 1980 5731 ἐκεῖνον
2002 5677 2030 5730 ὁ
2063 5674 2313 5745 βασιλεὺς
2339 5675 2564 5729 τοιαῦτα
2596 5674 2944 5744 ἀπεκρίνατο.
3008 5688 3013 5693 ·
3060 5670 3065 5679 ’
3443 5684 3451 5705 ⁴

3450 5855 3459 5887 i
