3962 6536
206 469 333 540 ιθυι

200 770 358 835 εἶναι.
418 771 571 824 οὐδὲν
630 767 895 837 ὑπέμεινε
961 761 1350 833 πεπλασμένον
1401 758 1765 830 φθέγξασθαι,

195 867 303 922 οὐδ’
326 865 566 934 ἀγεννὲς,
593 862 728 938 an;
765 859 934 930 δήλην
965 846 1152 920 αὐτοῖς
1182 856 1479 925 πεποίηται
1520 852 1619 923 τὴν
1654 851 1770 903 διὰ-

199 975 342 1010 νοιαν
369 958 454 1011 οἷα
481 953 566 1024 ἦν.
601 937 811 1015 Αὐτοὺς
853 951 912 1004 δὲ
940 949 1018 1020 τῷ
1066 948 1313 1016 περιόντι
1360 949 1458 1016 τῆς
1493 945 1575 1005 εἰς
1603 941 1768 997 αὐτὸν

74 1063 86 1092 ε
198 1049 430 1114 εὐνοίας,
457 1048 576 1099 ἐπεὶ
605 1045 681 1113 μὴ
708 1043 1010 1096 λυσιτελεῖν
1037 1038 1187 1109 αὐτῷ
1209 1037 1416 1106 δοκοίη,
1439 1035 1498 1090 τὺ
1521 1033 1616 1087 νῦν
1644 1031 1768 1102 ἕχον

76 1157 86 1183 ε
193 1142 349 1212 ἥκειν
377 1139 510 1208 παρ’
545 1137 765 1201 αὐτοὺς,
801 1135 904 1188 οὐκ
946 1131 1217 1200 ΙἌγγελον
1249 1132 1409 1200 μόνον
1437 1126 1580 1181 κατὰ
1612 1123 1770 1193 γένος

62 1247 93 1280 2‘
195 1233 341 1302 αὐτῷ
363 1231 730 1302 προσήκοντα.
760 1229 852 1280 καὶ
875 1227 1066 1296 ἄρχειν
1083 1224 1383 1293 δυνάμενον
1414 1218 1614 1280 αὐτῶν,
1633 1214 1768 1270 ἀλλὰ

62 1322 85 1373 ξι
196 1324 372 1378 καὶεί
423 1340 545 1375 τινα
601 1320 816 1373 ἐκείνου
851 1320 1062 1384 πέμποι
1117 1315 1299 1385 πολλῷ
1339 1310 1770 1377 καταδεέστερον

62 1439 96 1467 ,;-
195 1416 440 1481 δέξεσθαι
503 1413 826 1484 προθύμως,
883 1410 976 1463 καὶ
1022 1409 1204 1462 πᾶσαν
1231 1403 1598 1468 ἐπιδείξεσθαι
1639 1397 1771 1468 περὶ

66 1513 90 1560 i;
185 1509 289 1561 ’τὸν
312 1505 535 1577 βασιλέα
566 1503 804 1558 εὔνοιαν.
829 1500 1069 1556 Τοιαῦτα
1097 1499 1198 1571 μὲν
1220 1498 1314 1552 καὶ⁵
1342 1499 1390 1550 οἱ
1417 1498 1472 1550 ἐν
1503 1493 1772 1564 Θετταλίᾳ.

63 1625 90 1654 2.
197 1599 581 1668 ἀπεκρίναντο.
635 1595 899 1659 Βασιλεὺς
953 1593 1010 1646 δὲ
1064 1593 1189 1646 ἐπεὶ
1238 1589 1464 1644 πύθοιτο
1517 1587 1626 1641 ἀπὸ
1657 1585 1770 1639 τῶν

62 1703 96 1748 :1,-
197 1688 482 1758 πρέσϐεων
508 1684 940 1751 ἐπανελθόντων,
965 1683 1180 1752 ἔπεμπε
1211 1681 1302 1734 τὸν
1322 1679 1541 1749 ἀνεψιὸν
1574 1679 1774 1746 Ἀγγε-

71 1811 88 1840 ’;
197 1778 290 1831 λον
325 1777 601 1846 Ἰωάννην.
637 1775 934 1846 ἐπίτροπον
989 1771 1131 1826 εἶναι
1181 1771 1502 1834 Θετταλίας.
1547 1773 1687 1825 Πᾶσι
1713 1768 1772 1823 δὲ

61 1904 91 1936 ες
197 1869 522 1941 βουλόμενος
555 1867 874 1938 καταφανὲς
905 1869 1102 1932 ποιεῖν,
1135 1865 1210 1928 ὡς
1240 1865 1302 1919 οὐ
1341 1864 1609 1934 βασιλέως
1660 1867 1773 1928 τοῖς

62 1998 94 2028 με
201 1963 388 2015 παισὶν
415 1959 787 2015 ἐπιϐουλεύων
813 1959 987 2029 ἤρατο
1021 1957 1114 2012 τὸν
1147 1957 1410 2026 πόλεμον,
1439 1955 1534 2009 καὶ
1563 1955 1640 2018 ὡς
1665 1955 1774 2008 οὐδ’

66 2074 88 2121 ί
192 2056 253 2106 εἰ
277 2051 616 2122 περιγένοιτο
650 2051 748 2122 τῆς
779 2049 957 2120 ἀρχῆς
991 2048 1234 2117 ἔγνωκεν
1268 2048 1619 2116 ἀποστερεῖν,
1655 2044 1772 2100 ἀλλ’

199 2149 308 2205 ὑπὸ
339 2146 612 2228 βισιλίδος
646 2144 852 2214 μᾶλλον
883 2143 1048 2202 αὐτὸς
1083 2141 1406 2212 ἐπολεμήθη
1466 2137 1780 2226 ἀνθρώποις

61 2279 88 2308 ,λ
199 2239 532 2310 πειθομένης
599 2234 989 2306 συκοφάνταις,
1054 2233 1132 2304 τῷ
1209 2233 1457 2302 Ἀγγέλῳ
1518 2231 1656 2300 πρὸς
1683 2233 1782 2304 τὴν

79 2356 87 2401 έ
197 2334 492 2394 Θετταλίας
523 2331 700 2401 ἀρχὴν
755 2328 1156 2400 χρυσόϐουλλον
1212 2327 1404 2391 ποιῶν,
1438 2325 1690 2397 βασιλίδα
1722 2341 1782 2379 τε

199 2397 576 2496 προσέγραφε,
600 2397 729 2476 .-καὶ
756 2397 993 2490 ⁷βασιλέα
1040 2418 1296 2488 Ἰωάννην
1326 2415 1421 2471 τὸν
1452 2417 1590 2481 υἱὸν,
1640 2415 1782 2468 ὥστε

203 2517 467 2584 Ἀγγελόν
501 2532 560 2569 τε
591 2515 687 2567 καὶ
715 2513 1044 2576 Θετταλοὺς,
1089 2509 1192 2583 τὴν
1224 2508 1476 2564 δουλείαν
1500 2525 1561 2562 τε
1586 2507 1782 2562 κάκεί.

195 2575 337 2675 νοις,
361 2608 550 2678 ὥσπερ
583 2609 679 2662 καὶ
712 2606 864 2677 αὐτῷ
881 2575 1194 2675 όμολογεῖξρ,
1219 2605 1316 2657 καὶ
1359 2603 1562 2674 μᾶλλον
1587 2602 1620 2673 ἢ
1649 2602 1783 2672 πρό-

64 2730 90 2771 ς
197 2718 358 2770 τερον
375 2699 645 2752 ὑπείκειν.
685 2699 751 2752 Ὀ
782 2697 880 2751 καὶ
913 2696 1008 2750 ἐπὶ
1037 2695 1234 2764 λέξεως
1281 2691 1430 2766 εἶχεν
1457 2693 1653 2757 οὕτως·
1695 2694 1780 2756 Ὠς

197 2788 456 2842 ἀπόλοιτο
483 2788 511 2840 ό
567 2787 762 2856 φθόνος
814 2787 877 2839 τὸ
911 2786 1130 2841 πάντων
1152 2785 1262 2840 τῶν
1294 2784 1483 2839 κακῶν
1504 2784 1782 2856 χείριστόν

195 2841 264 2934 τε
289 2881 381 2932 καὶ
403 2841 762 2944 ἀδικώτατον,
794 2878 822 2931 ὃ
847 2893 910 2946 γε
934 2877 1124 2942 κακῶς
1146 2877 1179 2948 ἡ
1189 2878 1294 2947 μᾶς
1312 2841 1554 2949 ἀρχῆθεν
1577 2841 1784 2942 ἐξώσας

66 3025 84 3056 ὲ
193 2976 302 3044 τῆς
336 2973 615 3060 ἀκηράτου
667 2972 884 3044 τρυφῆς
913 2974 1059 3044 χειρὶ
1089 2972 1226 3026 Θεοῦ
1261 2973 1629 3038 πλασθέντας,
1689 2973 1784 3026 καὶ

196 3067 348 3137 λόγῳ
368 3067 721 3138 τιμηθέντας,
762 3065 807 3120 ὣ
833 3066 930 3137 τῆς
966 3066 1109 3138 ὑπὲρ
1139 3067 1298 3136 λόγον
1331 3067 1578 3139 χάριτος,
1607 3069 1783 3121 καίτοι

195 3161 346 3230 μετὰ
377 3159 476 3231 τὴν
511 3159 603 3212 τοῦ
651 3161 902 3231 χείρονος
956 3161 1176 3232 πεῖραν,
1215 3159 1304 3214 ἵνα
1343 3159 1587 3215 συνελὼν
1621 3161 1781 3226 εἴπω,

1334 455 1886 522 HISTORIARUM
1923 399 2156 516 LIB/ER
2200 456 2314 520 III.

77 634 96 666 ,,
200 589 296 658 τῆς
323 586 443 658 περὶ
476 584 692 646 αὐτοῦς,
727 579 944 650 καὶτῆς
981 577 1280 650 συντρόφου
1311 577 1404 630 καὶ
1436 575 1593 645 φίλης
1628 573 1762 642 ἁλη-

1885 586 1989 635 sua,
2023 579 2081 625 ut
2110 584 2423 642 appareret,
2461 574 2633 644 loqui,
2688 575 2782 631 sed
2838 591 3075 634 mentem
3133 580 3241 638 illis
3287 598 3442 640 suam

87 717 100 739 ,ι
200 679 343 744 θείας
394 680 457 731 ἐκ
509 675 722 740 παιδδς,
779 675 860 727 ὅτι
884 672 1061 727 καίτοι
1115 670 1287 724 δοκῶν
1318 671 1375 723 ἐν
1396 667 1766 738 δυσπραγίαις

3307 469 3445 534 1003

1875 661 2108 716 candide
2138 661 2416 717 declarare
2459 663 2741 720 voluisset.
2782 665 2851 722 Se
2885 677 3070 724 autem
3105 671 3448 731 abundantia

1874 753 2114 825 quadam
2177 755 2382 811 amoris
2437 772 2565 828 erga
2623 756 2802 824 illum,
2863 763 3312 834 quandoquidem
3344 769 3450 824 hoc

1877 855 2124 916 tempore
2181 847 2248 900 ad
2304 861 2402 901 eos
2455 847 2560 902 sibi
2615 848 2948 905 veniendum
2982 868 3090 908 non
3129 864 3308 923 putet,
3339 871 3450 912 non

1875 938 2039 992 modo
2090 936 2354 1009 Angelum
2387 981 2401 1002 ,
2463 939 2564 1010 ipsi
2623 955 2823 1010 genere
2882 945 3236 1016 conjunclum
3285 957 3342 1004 et
3381 951 3450 1005 ad

1877 1031 2179 1101 regendum
2263 1030 2544 1100 idoneum,
2607 1034 2704 1088 sed
2757 1042 2814 1089 et
2866 1037 2944 1102 si.
2974 1042 3289 1111 quempiam
3355 1044 3450 1100 illo

1878 1122 2053 1178 multo
2111 1122 2432 1179 inferiorem
2489 1125 2690 1190 mittat,
2779 1129 3019 1186 libenter
3067 1146 3450 1206 suscepturos,

1874 1214 2337 1288 imperatorisque
2389 1233 2605 1288 semper
2661 1219 2782 1274 fore
2842 1223 3253 1293 cupidissimos.
3299 1228 3456 1286 Talia

1879 1306 2144 1390 Thessali
2194 1311 2634 1381 responderunt;
2667 1327 2789 1382 quae
2817 1321 2876 1368 ut
2906 1330 2936 1368 a
2966 1315 3161 1387 legalis
3215 1323 3455 1377 reversis

1877 1397 2182 1470 imperator
2217 1401 2858 1468 audivit,consobrinum
2884 1404 3152 1462 Joannem
3182 1410 3454 1478 Angelum

1878 1493 1945 1548 ad
1985 1494 2280 1550 ineundam
2313 1495 2609 1552 Thessalis:
2643 1497 3026 1568 praticcturam
3055 1503 3225 1560 misit.
3253 1505 3456 1562 Volens

1880 1596 2064 1640 autem
2123 1597 2382 1643 constare
2429 1589 2635 1658 palam,
2670 1605 2780 1646 non
2803 1605 2865 1647 se
2895 1592 3244 1650 insidiantem
3277 1597 3457 1666 impe-
3482 1593 3507 1614 "

1881 1682 2082 1735 ratoris
2112 1679 2304 1735 liberis
2335 1680 2540 1735 bcllum
2567 1685 2876 1753 suscepisse
2906 1725 2922 1750 ,
2954 1700 3082 1750 nec,
3106 1688 3154 1742 si
3185 1688 3456 1757 vinceret,

1881 1771 2006 1828 illos
2073 1772 2308 1844 imperio
2365 1773 2588 1843 privare
2642 1776 2929 1843 statuisse,
2992 1777 3089 1832 sed
3153 1780 3342 1849 potius
3388 1781 3459 1834 ab

1879 1863 2127 1936 Augusta
2154 1862 2591 1936 mendaciloquis
2626 1857 2946 1923 hominibus
3001 1870 3163 1924 ﬁdem
3214 1887 3462 1927 commo-

1811 1937 1852 1992 Β
1881 1955 2048 2012 dante
2078 1972 2138 2013 se
2167 1962 2496 2037 oppugnari.
2530 1959 2690 2030 522
2717 1963 2926 2031 Angelo
2964 1974 3192 2032 propter
3223 1964 3463 2044 Thessa-

1881 2046 1970 2103 lia
2018 2050 2467 2126 procurationem
2518 2050 2721 2107 bullam
2754 2070 2980 2109 auream
3029 2055 3368 2123 faciundam,
3398 2069 3462 2117 ~et

1883 2132 2259 2207 imperairicis
2339 2155 2405 2196 ac
2459 2142 2688 2199 Joannis
2751 2145 2874 2216 ejus
2935 2146 3033 2201 lilii
3109 2149 3462 2217 imperatoris

1841 2250 1844 2253 ·
1883 2223 2108 2287 nomina
2179 2235 2380 2290 ascribi
2434 2239 2652 2292 curavit
2675 2278 2690 2302 ,
2724 2249 2786 2293 ut
2817 2249 2873 2294 et
2901 2240 3165 2312 Angelus,
3199 2253 3256 2299 et
3288 2244 3464 2299 Thes-

1882 2323 1985 2386 sali
2014 2325 2412 2396 subiectionem
2436 2342 2590 2398 atque
2626 2330 2782 2399 ipsis,
2812 2341 2869 2386 ut
2890 2333 2995 2388 sibi
3029 2335 3422 2403 proﬁterentur
3443 2377 3460 2398 .
3515 2357 3518 2360 ‘

1883 2416 2168 2488 magisque
2212 2417 2282 2472 de
2333 2428 2536 2475 caatero
2588 2424 2902 2479 subessent.
2935 2425 3089 2480 Bulla
3120 2428 3189 2482 ad
3228 2430 3462 2484 verbum

1860 2506 2002 2562 haec
2029 2518 2147 2562 erat
2175 2509 2251 2580 (8)
2276 2527 2290 2564 :
2315 2510 2535 2568 Utinam
2561 2514 2833 2570 malorum
2886 2517 3135 2573 omnium
3162 2521 3466 2590 pessimum

1883 2601 2400 2674 nequissimumque
2465 2606 2676 2660 invidia
2720 2607 3042 2678 disperirct,
3075 2626 3199 2684 qua:
3234 2627 3339 2668 nos
3367 2613 3468 2669 Dei

1886 2709 2050 2748 manu
2089 2695 2273 2760 ﬁctos,
2297 2705 2356 2751 et
2393 2697 2756 2768 intelligentia
2808 2698 3112 2758 honoratos
3145 2707 3200 2774 (ο
3232 2704 3468 2776 inexpli-

1884 2787 2064 2844 Cubile
2100 2788 2323 2859 munus)
2357 2789 2500 2844 male
2529 2790 2791 2850 abinitio
2816 2792 2885 2847 ab
2915 2793 3326 2851 immortalibus
3357 2797 3470 2853 illis

1884 2879 2364 2951 deliciis'expulit.
2391 2881 2718 2952 Quanquam
2753 2885 2800 2938 si
2854 2883 2979 2955 post
3031 2898 3256 2958 experta
3299 2891 3466 2954 mala,

1885 2980 1948 3026 ut
2007 2973 2253 3029 breviter
2309 2973 2516 3040 dicam,
2568 2971 2777 3046 justam
2838 2978 2994 3034 illam
3047 2979 3468 3039 damnationem

1886 3065 2048 3120 simul
2111 3080 2542 3136 agnosceremus
2573 3105 2592 3132 ,
2646 3068 2987 3140 melioraque
3049 3071 3468 3137 meditaremur,

1888 3157 2107 3212 veniam
2137 3157 2347 3228 adepti,
2384 3159 2440 3214 in
2469 3158 2714 3228 priorem
2758 3169 2966 3215 statum
3015 3163 3468 3221 restitueremur.‘

195 3253 256 3306 εί
285 3252 384 3323 τῆς
411 3253 621 3307 ἐνδίκου
650 3252 954 3323 καταδίκης
973 3250 1204 3334 ,ἐκείνης
1233 3248 1375 3324 ἦμεν
1406 3254 1464 3306 ἐν
1491 3252 1786 3322 συναισθή-

1891 3252 1961 3306 At
1979 3267 2150 3316 nunc,
2181 3253 2346 3322 quasi
2377 3252 2449 3308 ob
2479 3253 2777 3308 amentiam
2811 3253 2949 3309 nihil
2976 3245 3202 3310 noxium
3229 3264 3468 3326 operati,

202 3361 310 3410 σει,
344 3345 433 3396 καὶ
463 3343 529 3395 τὰ
559 3341 756 3412 βελτίω
777 3333 1152 3414 ἐμελετῶμεν,
1186 3343 1294 3397 κᾶν
1326 3342 1661 3413 συγγνώμης
1690 3362 1788 3397 τυο

198 3433 396 3504 χόντες
430 3432 584 3496 αὐθις
615 3434 680 3488 ἂν
701 3429 846 3504 ἦμεν
872 3435 929 3488 ἐν
957 3436 1071 3498 τοῖς
1095 3435 1412 3507 προτέροις.
1447 3434 1583 3490 Νυνὶ
1609 3436 1658 3489 δ’
1679 3435 1790 3489 ῶσο

201 3541 316 3595 περ
361 3526 501 3595 μήτι
559 3525 798 3595 χαλεπὸν
860 3526 1230 3596 πεπραχότες,
1292 3525 1327 3596 ἢ
1362 3526 1696 3590 πεπονθότες
1726 3528 1788 3594 ἐξ

199 3617 494 3682 ἀϐουλίας,
516 3616 549 3687 ἢ
587 3616 718 3684 γοῦν
741 3617 848 3670 ὐπὸ
873 3616 968 3670 τοῦ
993 3618 1188 3671 παθεῖν
1213 3615 1481 3687 οὐμενουν
1514 3617 1790 3686 διδαχθέν-

199 3727 298 3772 τες
337 3709 398 3760 τὸ
436 3708 503 3761 τὸ.
529 3709 716 3762 δέοντα
768 3711 988 3780 φρονεῖν
1035 3709 1201 3762 οίονεὶ
1249 3709 1645 3782 παρῃρήμεθα,
1691 3709 1792 3779 πή-

205 3818 363 3873 ματα
418 3802 647 3872 πάσχειν
700 3801 1004 3872 αὐθαίρετα
1049 3802 1238 3866 κακῶς
1291 3802 1628 3874 αἱρεθέντες,
1695 3804 1790 3855 καὶ

194 3893 399 3953 δεινῶς
453 3893 894 3962 ἐγκλλινδεῖσθαι
926 3893 1014 3947 διὰ
1069 3893 1187 3964 βίον
1215 3895 1326 3957 τοῖς
1356 3894 1434 3966 μὴ
1461 3893 1787 3964 καθήκουσι,

204 3990 313 4044 καὶ
346 3990 444 4057 τῆς
471 3988 591 4060 ἴσης
620 3988 774 4055 ἀξίας
799 3987 938 4058 πρὸς
965 3985 1100 4039 Θεοῦ
1135 3985 1416 4056 τυχόντες,
1450 3989 1664 4058 καὶτῆς
1691 3987 1792 4040 αὐ-

198 4085 311 4152 τῆς
344 4083 639 4152 ἠξιωμένοι
697 4081 958 4150 σπουδῆς,
995 4080 1300 4152 μεμηνότος
1339 4078 1518 4149 δίκην,
1554 4079 1790 4146 ταυτησὶ

201 4176 316 4246 μὲν
343 4174 572 4245 οἰκτρῶς
597 4173 1066 4245 ἐκπεπτώκαμεν,
1100 4173 1396 4242 ἀνισότητα
1425 4171 1482 4225 δὲ
1513 4170 1793 4230 πεπόνθα-

203 4266 316 4337 μέν
348 4283 406 4318 τε
438 4267 531 4319 καὶ
582 4269 982 4337 τετιμήκαμεν.
1035 4266 1166 4320 Δέον
1226 4269 1336 4337 γὰρ
1380 4263 1727 4338 σπουδάζειν,
1754 4264 1788 4333 ἢ

187 4342 304 4412 ’τοῦ
337 4359 499 4411 αὐτὸν
531 4358 627 4410 ἐπὶ
653 4360 772 4422 τοῖς
822 4357 1074 4427 ἀμείνοσι
1130 4358 1352 4428 δρόμον,
1392 4356 1426 4427 ἢ
1464 4356 1793 4425 φιλονεικεῖν

198 4451 377 4513 ἄλλος
409 4449 566 4504 ἄλλον
591 4451 693 4503 ὐπε
705 4451 975 4520 ρϐαίνειν,
1007 4451 1156 4513 ὅπως
1185 4451 1252 4504 ἂν
1278 4449 1366 4502 ἐπ’
1389 4449 1616 4518 ἀγαθοῖς
1634 4448 1794 4518 ἀλλή-

196 4546 344 4606 λους
375 4542 675 4613 νικῴημεν,
730 4543 1044 4596 τούναντίον
1077 4543 1222 4596 ἅπαν
1274 4543 1585 4613 φαινόμεθα
1620 4543 1796 4612 πράτ-

1894 3352 1990 3400 aut
2019 3345 2260 3416 perpessi
2291 3385 2307 3412 ,
2339 3345 2456 3402 sive
2484 3361 2552 3402 ex
2573 3360 2641 3402 eo
2674 3347 2822 3418 quod
2852 3347 2998 3417 passi
3029 3361 3222 3405 sumus
3243 3351 3473 3408 minimo

1894 3437 2067 3504 docti,
2096 3437 2369 3508 judicium
2398 3438 2517 3492 veri
2547 3441 2953 3510 propemodum
2983 3445 3292 3510 amisimus,
3337 3447 3473 3501 dum

1897 3528 2036 3584 mala
2063 3529 2272 3600 perpeti
2305 3529 2448 3585 male
2467 3530 2742 3602 eligimus,
2772 3543 2827 3589 et
2854 3549 3120 3593 accusare
3147 3538 3467 3607 quaerimus,

1895 3638 2132 3693 quorum
2167 3622 2224 3676 in
2256 3623 2368 3676 vita
2399 3623 2614 3677 nullum
2666 3625 2877 3679 crimen
2904 3629 3202 3697 reperitur.
3237 3629 3304 3685 Et
3345 3645 3472 3686 cum

1895 3716 2164 3785 aqualem
2192 3729 2220 3768 a
2251 3715 2362 3769 Deo
2384 3713 2710 3786 dignitatem
2735 3717 2882 3770 inter
2903 3733 3004 3772 nos
3026 3721 3232 3788 sortiti,
3253 3722 3476 3778 eadem-

1897 3822 2006 3878 que
2062 3809 2132 3863 ab
2197 3809 2320 3877 ipso
2358 3824 2492 3863 cura
2525 3809 2735 3880 dignati
2769 3799 2966 3877 simus,
3015 3829 3080 3868 ea
3131 3815 3470 3873 furiosorum

1896 3899 2072 3962 instar
2105 3897 2498 3954 miserabiliter
2539 3898 2871 3962 excidimus,
2913 3908 2970 3955 et
3022 3902 3089 3955 ad
3122 3903 3474 3974 inaequalita-

1897 3998 2008 4045 tem
2041 3988 2272 4055 redacti,
2299 4002 2422 4042 eam
2457 3988 2513 4042 in
2547 3988 2759 4044 honore
2793 3989 3116 4046 habuimus.
3147 3991 3284 4047 Cum
3312 4009 3474 4048 nam-

1897 4096 2004 4152 que
2034 4082 2119 4137 vel
2151 4079 2374 4136 studere
2405 4079 2790 4142 debuissemus
2819 4082 2970 4138 idem
3007 4083 3218 4154 ingredi
3249 4085 3470 4140 virtutis

1869 4222 1874 4230 .
1899 4173 2266 4238 curriculum,
2285 4172 2372 4227 vel
2390 4171 2754 4238 contendere,
2778 4182 2840 4227 ut
2861 4174 3004 4228 alius
3020 4175 3189 4228 alium
3209 4177 3471 4242 anteiret,

1898 4275 1957 4322 et
2010 4267 2067 4322 in
2096 4266 2262 4322 bonis
2316 4265 2630 4320 actionibus
2693 4280 2797 4320 nos
2864 4275 3059 4322 mutuo
3102 4268 3472 4335 vinceremus,

1899 4373 2126 4430 prorsus
2153 4366 2346 4413 contra
2365 4356 2621 4422 facimus,
2647 4363 2702 4411 et
2724 4364 2983 4428 tanquam
3012 4360 3204 4414 morbo
3234 4361 3474 4422 quodam

1901 4449 2302 4506 absurdissima
2362 4463 2726 4519 occupamur.
2777 4433 2914 4502 Nam
2948 4463 3016 4503 ex
3056 4449 3244 4506 formae
3274 4463 3476 4508 nostrae

1901 4542 2252 4599 lineamentis
2310 4541 2580 4610 sequitur,
2648 4548 2710 4595 ut
2764 4542 2930 4596 etiam
2979 4543 3269 4600 habitibus
3299 4546 3477 4601 animi

196 4649 422 4698 στοντες,
456 4634 552 4684 καὶ
585 4631 934 4701 συμϐέϐηκεν
968 4632 1105 4701 ημῖν
1130 4625 1244 4683 οἷόν
1275 4647 1326 4682 τι
1349 4631 1520 4693 πάθος
1550 4628 1787 4699 ἀτεχνῶς

1896 4633 2342 4689 excelluerimus.
2377 4631 2443 4685 Et
2472 4632 2602 4701 quia
2632 4632 2806 4702 prima
2833 4626 2936 4688 illa
2995 4648 3237 4702 vereque
3269 4635 3478 4690 beatis-

195 4727 442 4789 ἄτοπον,
499 4725 581 4778 ὅτι
629 4725 772 4778 κατὰ
823 4724 954 4787 τοὺς
1012 4727 1113 4795 τῆς
1159 4725 1376 4794 μορφῆς
1434 4723 1794 4793 χαρακτῆρας

199 4821 414 4873 ἔπεστι
473 4818 867 4888 διενηνοχέναι,
929 4817 1023 4869 καὶ
1058 4819 1180 4877 ταῖς
1220 4816 1317 4884 τῆς
1368 4814 1550 4885 ψυχῆς
1587 4814 1788 4880 ἔξεστι.

197 4916 329 4970 Καὶ
379 4913 479 4984 τὴν
531 4913 757 4984 πρώτην
785 4911 1003 4982 ἐκείνην
1059 4913 1153 4965 καὶ
1200 4909 1551 4980 μακαριστῆν
1623 4909 1793 4972 ὅντως

145 4993 150 4996 ’
195 5007 571 5077 εὐδαιμονίαν
598 5005 969 5058 ὰποϐαλούσιν
995 5005 1152 5075 ἡμῖν,
1184 5003 1398 5056 δέδοκτο
1419 5002 1532 5054 δεῖν
1560 5001 1646 5069 ἐφ’
1674 5002 1792 5053 ἐτέ-

202 5117 322 5172 ραν
359 5096 653 5167 πολυσχιδῆ
677 5094 1012 5167 τραπέσθαι,
1039 5094 1300 5148 ἀϐέϐαιον
1335 5094 1638 5162 πάντη.κα“ι
1672 5092 1796 5146 καθ’

1902 4728 2040 4782 sima
2093 4725 2356 4780 felicitate
2405 4723 2590 4778 orbati
2621 4738 2834 4796 sumus,
2888 4724 3068 4777 visum
3095 4733 3180 4779 est
3214 4735 3476 4794 Oportere

1904 4817 1970 4872 ad
2002 4818 2164 4872 aliam
2203 4815 2590 4884 multiplicem,
2645 4815 3056 4872 inconstantem
3097 4818 3325 4873 omnino
3363 4830 3419 4874 et
3446 4838 3480 4876 a

1903 4912 2082 4980 seipsa
2130 4907 2488 4964 dissidentem
2534 4907 2804 4962 converti.
2862 4906 3038 4974 Quam
3085 4909 3130 4962 si
3175 4909 3303 4976 quis
3365 4925 3476 4964 non

1899 5005 2140 5075 appellet
2164 5000 2353 5056 turbas
2381 4999 2542 5054 valde
2596 4997 2826 5053 stolidas
2861 5000 3288 5070 tumultumque,
3327 5001 3478 5056 hunc

1900 5114 2000 5167 ego
2031 5097 2085 5150 in
2118 5092 2481 5165 prudentibus
2510 5092 2658 5147 haud
2711 5093 3140 5158 numerandum,
3186 5109 3366 5163 neque
3399 5096 3478 5150 illi

193 5190 424 5259 ἑαυτὴν
455 5191 876 5254 στασιάζουσιν.
911 5189 1015 5242 Ἦν
1067 5188 1122 5241 εί
1168 5204 1252 5251 τις
1281 5189 1344 5242 οὐ
1371 5187 1566 5257 καλοίη
1589 5187 1787 5258 τύρϐηι

1901 5196 2178 5247 naturam,
2232 5182 2328 5238 sed
2361 5195 2586 5252 pravam
2615 5180 2856 5251 aliquam
2883 5181 3220 5236 voluntatem
3282 5181 3340 5236 in
3373 5182 3480 5237 hoc

194 5284 421 5353 κομιδῆ
481 5281 744 5352 ματαίαν,
793 5280 888 5334 καὶ
915 5277 1148 5350 θόρυϐον
1202 5279 1437 5350 ἀκερδῆ,
1468 5278 1658 5332 τοῦτον
1687 5278 1787 5347 ἐγὼ

1903 5277 2154 5333 necuisse
2185 5269 2579 5344 opinor-{Cum
2620 5286 2786 5341 porro
2817 5272 2976 5326 multi
3007 5272 3172 5345 hujus
3201 5272 3362 5329 dicta:
3421 5283 3480 5329 et

191 5375 432 5446 νομίζω
454 5373 631 5428 τελεῖν
654 5375 756 5426 οὐκ
776 5374 857 5438 είς
878 5371 1002 5436 τούς
1026 5370 1088 5424 εὐ
1110 5370 1465 5442 φρονοῦντας,
1492 5371 1554 5424 οὐ
1579 5369 1787 5440 φύσεως

1904 5369 2161 5438 legitimae
2191 5364 2475 5421 felicitatis
2526 5362 2744 5418 diversa
2792 5362 3007 5418 ratiOne
3046 5369 3297 5420 exsortes"
3338 5364 3476 5431 sint,

1487 5533 1701 5596 Jacobi
1738 5535 2000 5600 Pontani
2039 5540 2224 5595 noue.

281 5664 372 5736 (8)
423 5663 498 5718 De
540 5678 724 5736 aurea
752 5661 898 5717 bulla
941 5661 1200 5736 loquitur,
1245 5660 1312 5713 de
1353 5675 1459 5736 qua
1497 5670 1656 5736 antea
1682 5678 1787 5736 βπ-

1898 5664 2167 5733 ἔμπεδον,
2217 5656 2815 5736 κόγχηςηᾲναδευμένῳ
2847 5654 3066 5736 αἵματι.
3116 5654 3327 5736 litteras
3354 5672 3480 5736 _ru-

187 5727 379 5810 pitis';
396 5749 524 5810 eam
546 5734 692 5810 enim
713 5727 1073 5810 imperatorcs
1092 5731 1314 5810 dabant,
1334 5727 1531 5810 quibus
1555 5733 1787 5810 dandam
1898 5727 2042 5810 bricn
2076 5740 2305 5810 notatas,
2325 5727 2608 5810 sigilloquc
2650 5727 2814 5810 aureo
2841 5737 2888 5779 et
2906 5729 3086 5810 serico
3101 5727 3194 5795 ﬁlo
3219 5729 3477 5810 munitas,

188 5796 540 5864 Eensebant.
590 5796 816 5875 Nicetas'f
852 5803 946 5857 lib.
993 5815 1010 5854 1
1059 5809 1236 5875 vocat,
1279 5796 1788 5875 γρᾶμμα-ἐρυθρο-
1895 5809 2032 5875 quod
2057 5796 3484 5875 conchwsanguinetinctumerat.lunare-torni.tu,

190 5879 278 5948 σή
293 5891 528 5947 μαντον,
564 5874 818 5943 σφραγῖδί
851 5888 910 5924 τε
942 5870 1192 5941 χρυσεία,
1217 5867 1556 5940 καῖ’σηρικῷ
1583 5867 1784 5942 νήματι
1895 5867 2334 5944 χρυσοσήμαντος
2354 5867 2540 5939 γραφὴ
2557 5879 2611 5923 et
2629 5868 3028 5940 χρυσόϐυυλλος
3050 5867 3237 5935 γραφή
3256 5868 3478 5920 dicitur.

510 5977 780 6036 Ριιτιιοι..
826 5976 939 6037 Gtt.
977 5970 1174 6034 (ILl'l.
1711 5976 1716 5978 ·

3026 5964 3156 6021 32-
