3962 6580
561 389 689 449 ΠΟἹ

1744 382 2069 443 ΙΟᾹΝΝΙΞ
2093 381 2614 443 ΕᾹΝΤΑΠΕΖΗΝΙ
3653 389 3746 453 te};

561 525 764 578 invidia
805 521 1089 584 dseuvonis,
1138 531 1194 571 ut
1246 520 1577 589 expliatum
1635 530 1738 581 est,
1793 529 1982 572 contra
2033 532 2131 569 nos

2237 513 2340 560 νοι,
2373 498 2573 588 ἄτοπόν
2604 514 2655 549 τι
2679 501 2851 551 ποιεῖν
2881 499 3352 570 ὑποληςςθείημεν,
3386 504 3596 570 μικροῖς
3624 505 3749 571 λόγοις

561 618 748 685 inique
781 615 1047 668 furentes.
1090 627 1230 680 quos
1265 611 1426 680 longo
1463 623 1709 678 tetupore
1752 607 1914 662 nobis
1941 606 2131 661 devin-

560 721 821 761 xeramus
848 746 863 767 ,
923 703 1311 771 felicitatisque
1347 713 1546 756 nostra:
1580 699 1873 770 participes
1924 699 2133 753 fecera-

558 815 684 853 mus
714 837 728 860 ,
769 796 1057 851 horribilia
1117 794 1169 847 iu
1213 809 1313 848 nos
1346 808 1600 865 perverse
1643 792 1814 846 moliti
1851 799 2002 854 sunt,
2043 789 2131 843 di-

558 902 822 960 rectaque
856 897 911 942 et
976 887 1042 942 ad
1081 902 1372 941 commune
1405 888 1606 938 lonnm
1649 883 1959 954 pertinente
2005 882 2090 934 via
2114 920 2128 941 .

557 983 670 1036 Deo
701 981 997 1051 adiuvante
1030 979 1350 1032 incedentes
1382 1015 1397 1040 ,
1454 974 1688 1044 improbi
1741 973 1988 1043 improbe
2023 973 2129 1025 cri-

559 1073 818 1126 minando
875 1068 1383 1136 malefaciendoque
1411 1081 1533 1120 cum
1558 1065 1858 1119 amicorum
1885 1061 2133 1131 reliquiis

559 1165 808 1218 funditus
867 1166 1097 1232 perdere
1131 1160 1464 1215 studuerunt
1511 1174 1577 1212 ac
1638 1166 2012 1220 tentaverunt,
2043 1155 2131 1208 itt-

560 1270 708 1311 terea
749 1271 848 1309 nos
879 1263 1107 1323 urgente
1142 1252 1480 1310 discrimine.
1514 1252 1833 1318 frequenter
1863 1247 1931 1302 de
1955 1247 2131 1302 salute

559 1347 997 1401 consultavimus
1031 1362 1044 1399 :
1077 1344 1254 1397 nihilo
1288 1343 1468 1396 minus
1515 1357 1698 1395 coratn
1733 1341 1843 1394 Deo
1888 1348 2129 1393 tremen-

561 1451 662 1504 tes,
691 1449 746 1493 et
796 1421 1032 1493 sollicite
1065 1435 1480 1490 considerantes
1528 1431 1806 1504 quomodo
1836 1429 1969 1484 salvi
2013 1441 2132 1482 esse

561 1541 805 1601 possent,
858 1529 972 1598 qui-
1012 1544 1110 1581 nos
1160 1525 1555 1598 prodidissent.
1601 1527 1782 1593 Atque
1815 1531 1874 1574 ut
1920 1519 2127 1583 multa,

559 1637 685 1690 quae
732 1628 862 1674 sunt
897 1619 950 1672 in
1012 1616 1214 1679 medio,
1245 1617 1310 1669 ad
1351 1613 1664 1684 fugiendam
1721 1603 2132 1666 saticulem’si-

561 1712 724 1772 leam,
762 1725 886 1764 eum
914 1709 1075 1762 amici
1109 1708 1278 1761 ferme
1313 1721 1504 1759 omnes
1545 1705 1598 1758 in
1647 1702 1804 1757 duris
1855 1701 2132 1770 periculo-

561 1805 752 1871 sisque
782 1799 1118 1869 temporibus
1153 1798 1288 1852 meis
1332 1797 1421 1852 alii
1464 1796 1567 1849 alia
1597 1795 1666 1849 de
1696 1809 1859 1848 causa
1904 1793 2130 1848 mutatis

563 1891 942 1947 voluntatibus
995 1904 1080 1943 tne
1127 1888 1409 1942 desertum
1461 1887 1728 1950 ivisscnt,
1780 1884 1996 1954 ipsique
2040 1898 2133 1938 co-

561 1987 713 2055 gnati
744 1983 905 2055 525
940 1997 1004 2037 ac
1039 1981 1296 2047 ministri,
1331 1995 1442 2050 quo
1489 1978 1704 2042 eadem,
1734 1977 1818 2032 vel
1848 1977 2007 2046 plura
2034 1991 2129 2045 po-

563 2081 674 2133 tius
700 2078 877 2131 ollicia
902 2075 1037 2129 mibi
1075 2072 1372 2134 debebant,
1409 2070 1462 2124 in
1493 2068 1770 2123 sexcentis
1809 2083 1897 2122 me
1935 2066 2133 2120 discri-

566 2170 812 2224 minibus
852 2182 1054 2222 arcano
1119 2165 1212 2219 Dei
1256 2164 1463 2235 judicio
1519 2161 1930 2222 destituissent.
1962 2160 2134 2230 ipsam

564 2273 622 2316 et
648 2262 822 2317 solam
853 2258 948 2314 Dei
980 2257 1260 2312 dexteram
1286 2254 1628 2309 manifestam
1655 2251 1788 2306 milii
1814 2251 2130 2310 subvenire.

560 2355 891 2421 fortiterque
915 2350 1025 2410 tela
1055 2349 1108 2403 in
1142 2364 1226 2402 me
1253 2356 1504 2401 contorta
1531 2385 1545 2408 ,
1577 2354 1632 2398 et
1661 2344 1922 2407 murales,
1952 2351 2012 2395 ut
2053 2341 2134 2396 sic

561 2444 780 2512 loquar,
833 2440 1119 2495 nachinas
1162 2437 1457 2491 retundere
1493 2434 1660 2489 sensi.
1696 2434 1788 2488 Illa
1835 2441 1966 2486 tunc
2018 2447 2136 2485 om-

561 2535 716 2588 nium
772 2533 938 2588 minis
975 2539 1031 2585 et
1066 2540 1172 2584 tant
1211 2528 1398 2582 multis
1441 2524 1900 2581 terriculamentis
1944 2533 2135 2593 poten-

565 2626 762 2678 tiorem
813 2638 871 2677 se
917 2621 1236 2676 declaravit.
1283 2619 1346 2671 Et
1373 2616 1732 2671 cltarissimns
1758 2616 1925 2669 frater
1967 2615 2136 2684 maje-

568 2713 728 2769 statis
761 2710 1110 2778 nostrarum,
1142 2708 1395 2762 dominus
1433 2707 1671 2762 Joannes
1696 2705 1956 2775 Angelus,
1988 2720 2136 2759 eam-

565 2809 691 2862 dem
717 2807 938 2875 generis
984 2803 1224 2857 radicem
1253 2815 1469 2854 mecum
1494 2798 1740 2860 sortitus,
1763 2807 1818 2850 et
1846 2798 2136 2867 imperato—

563 2898 649 2953 rio
678 2895 948 2965 sanguine
974 2893 1200 2956 florens,
1233 2906 1358 2946 cum
1396 2905 1494 2943 sua
1531 2888 1731 2943 eximia
1762 2889 1918 2942 laude
1942 2903 2134 2942 omnes

565 2985 741 3055 magis
793 2982 1082 3037 nobilitate
1136 2979 1305 3034 animi
1353 2978 1576 3032 vincere
1607 2976 1924 3038 contendit,
1970 2991 2130 3044 quam

561 3089 662 3128 eos
690 3072 944 3143 corporis
973 3070 1262 3125 nobilitate
1297 3067 1598 3121 antecellit.
1629 3064 1778 3120 Hanc
1803 3080 1948 3118 emm
1982 3067 2133 3119 nasci

564 3164 852 3233 minuique
878 3202 894 3227 ,
942 3163 1089 3216 illam
1139 3159 1514 3228 incorruptam
1565 3170 1915 3226 perseverare
1956 3154 2125 3208 novit.
2158 3182 2203 3246 c

563 3255 750 3312 Animi
783 3254 950 3324 igitur
992 3255 1113 3322 ejus
1149 3249 1556 3310 fortitudinem,
1588 3247 1947 3316 stabilemque
1997 3262 2133 3317 pru-

565 3347 838 3410 dentiam,
875 3354 932 3400 et
963 3345 1017 3398 in
1045 3341 1236 3396 amicis
1267 3337 1561 3410 diligendis
1611 3337 2002 3403 constantiam,
2037 3353 2136 3408 pro

566 3443 774 3514 quibus
804 3440 1020 3496 nullum
1053 3434 1352 3490 discrimen
1397 3431 1744 3497 reformidet,
1780 3431 2138 3502 corporisque

568 3533 934 3594 itabilitatem,
989 3537 1045 3583 et
1094 3527 1248 3581 velut
1278 3525 1788 3580 concinnitudinem
1850 3539 1912 3577 ac
1946 3524 2136 3590 robur,

565 3627 788 3692 longum
841 3629 990 3677 esset
1037 3621 1091 3674 in
1142 3616 1434 3688 praesentia
1499 3630 1956 3671 commemorare.
1999 3614 2136 3682 Quia

566 3731 703 3771 vero
747 3711 989 3768 hostium
1047 3707 1384 3774 teStimonia,
1433 3716 1493 3761 ut
1546 3705 1721 3771 aiunt,
1755 3705 1860 3761 fide
1889 3707 2134 3778 digniora

567 3816 718 3872 sunt,
753 3813 957 3859 norunt
987 3803 1088 3858 ista
1112 3842 1127 3868 ,
1155 3801 1582 3871 fatebunturque
1617 3807 1673 3854 et
1715 3799 1883 3870 Illyrii
1923 3815 1987 3854 ex
2017 3800 2139 3869 qui-

570 3903 672 3954 bus
717 3897 806 3953 bic
839 3896 1110 3966 insignem
1159 3893 1387 3964 gloriam
1438 3893 1737 3961 reportavit
1785 3908 1798 3944 :
1844 3899 1954 3946 tota
2006 3891 2138 3945 item

566 3992 884 4053 continens,
925 3997 981 4042 et
1007 3987 1111 4057 ipsi
1141 3988 1344 4048 Persae,
1375 3985 1469 4055 qui
1497 3997 1641 4055 saepe
1669 3984 1724 4037 in
1752 3984 1898 4039 hunc
1930 3983 2135 4054 impetu

567 4085 736 4148 facto,
766 4080 1025 4136 omnibus
1049 4077 1224 4132 modis
1254 4075 1544 4131 inferiores
1574 4090 1637 4130 ac
1686 4075 1824 4128 nulli
1853 4074 2138 4129 evidenter

569 4177 960 4240 apparuerunt.
991 4168 1120 4232 Qua:
1155 4175 1337 4218 autem
1384 4177 1502 4217 mea
1533 4176 1694 4216 causa
1739 4159 1968 4214 viriliter
2008 4174 2138 4214 sus-

569 4259 836 4320 tinuerit,
861 4256 1134 4312 universa:
1191 4253 1401 4308 scilicet
1439 4249 1683 4322 pecunia:
1729 4249 2136 4319 spoliationem,

569 4351 1008 4417 facultatumque
1064 4345 1311 4399 omnium
1371 4341 1857 4412 proscriptionem,
1897 4339 2137 4395 famulo-

583 4457 705 4497 rum
732 4442 996 4495 amissum
1026 4453 1266 4508 gregem,
1293 4435 1660 4506 privationem
1689 4435 1916 4488 aliarum
1954 4447 2136 4487 rerum

2234 587 2307 640 τὰ
2349 587 2424 656 μὴ
2465 575 2640 656 μίκρά
2700 587 3041 658 παραδοῦναι
3078 589 3443 659 πειρώμενοι.
3497 594 3620 643 ἰτέον
3663 598 3752 646 LE;

2233 678 2328 730 τοῦ
2359 680 2748 749 προκειμένου.
2791 681 3013 751 Ἐπειδὴ
3048 699 3176 733 ποτε
3216 683 3492 752 βασκανία
3536 683 3753 751 δαίμονος,

2233 771 2308 832 ὡς
2339 771 2675 840 διείληπται,
2700 771 2822 826 καθ’
2849 773 3006 842 ἡμῶν
3060 775 3322 842 μανέντες
3358 775 3463 825 οὐκ
3495 774 3658 827 ἓνεικα
3694 778 3754 837 t2,-

2232 859 2320 912 διὰ
2348 860 2542 930 χρόνου
2595 863 2808 930 μακροῦ
2844 863 3030 928 φίλους
3082 862 3546 930 συνεστησάμεθα
3567 865 3647 914 καὶ
3682 884 3758 914 ιιι

2233 952 2435 1012 νωνοὺς
2461 953 2597 1022 ἡμῖν
2618 952 2998 1021 ἐποιησάμεθα
3020 952 3120 1022 τῆς
3147 953 3484 1022 εὖπραγίας,
3518 956 3682 1004 ἐσκειιῖ
3699 974 3760 1019 ρῇ-

2236 1059 2336 1095 σαν
2366 1042 2435 1094 τά
2457 1043 2762 1110 δεινότατα,
2795 1048 2890 1112 καὶ
2942 1046 3012 1114 ἣν
3039 1044 3427 1114 ἐπορευόμεθα
3459 1046 3553 1096 σιν
3577 1045 3677 1113 Θεῷ
3701 1062 3763 1095 τι-

2235 1135 2392 1204 ρείαν
2414 1135 2586 1205 ὀρθήν
2617 1153 2676 1188 τε
2733 1137 2826 1188 καὶ
2880 1136 2960 1205 τῷ
2992 1135 3160 1205 κοινῷ
3216 1137 3605 1188 συντεξνουσαν
3649 1155 3765 1188 χιιι.

2234 1229 2423 1291 κακῶς
2490 1227 2913 1297 διαϐεϐληκότες
2986 1245 3046 1280 τε
3115 1229 3211 1281 καὶ
3291 1231 3764 1298 κεκακουργηκότες

2235 1319 2554 1372 παντάπασι
2635 1319 3083 1390 προτεθύμηνται
3158 1320 3253 1373 καὶ
3317 1320 3767 1388 ἐπικεχειρήιιτιν

2233 1411 2382 1480 ἡμᾶς
2413 1409 2600 1463 ὀλέσαι
2642 1411 2739 1463 σὺν
2771 1414 2884 1473 τοῖς
2916 1411 3296 1478 ὑπολειφθεῖσι
3336 1411 3548 1479 φίλοις,
3579 1413 3661 1461 τοῦ
3686 1430 3767 1462 κιν-

2232 1501 2394 1554 δύνου
2458 1502 2596 1564 τέως
2639 1503 2949 1570 ἐφεστῶτος
2985 1505 3144 1572 ἡμῖν,
3200 1504 3271 1554 τὰ
3334 1504 3481 1571 πρξς
3545 1505 3766 1571 σωτηρῑιν

2233 1592 2431 1663 ἀθρόον
2465 1592 2874 1661 βεϐουλεύμεθα
2899 1609 2912 1623 ·
2943 1594 3095 1647 οὐδὲν
3120 1591 3282 1665 ἧττον
3305 1596 3404 1646 επὶ
3433 1593 3556 1661 Θεῷ
3579 1596 3768 1663 μάρτυρι

2235 1685 2575 1756 πεφρικότες
2609 1687 2704 1738 καὶ
2759 1685 3315 1754 συνδιασκεψάμενῖι,
3361 1686 3463 1737 καὶ
3496 1686 3574 1737 ἔτι
3601 1689 3767 1755 φροντὲ-

2235 1773 2444 1842 ζοντες,
2494 1776 2732 1839 καὶπῶς
2766 1775 2831 1828 ἂν
2862 1777 3059 1828 ἐκεῖνοι
3096 1776 3322 1828 σωθείεν
3353 1777 3410 1828 oi
3447 1780 3769 1845 καταπριόὸν-

2235 1885 2322 1932 τες
2355 1869 2524 1938 ἡμᾶς,
2549 1867 2642 1920 καὶ
2675 1868 2760 1920 ἵνα
2793 1869 2862 1920 τὰ
2888 1870 2945 1918 ἐν
2983 1867 3135 1937 μέσῳ
3182 1868 3419 1920 πλεῖστά
3447 1885 3510 1935 γε
3546 1869 3679 1930 ὅντα,
3702 1872 3770 1920 ul

2233 1961 2396 2031 κόρον
2413 1959 2516 2012 ὠσὶ
2537 1961 2843 2029 παρέχοντα
2864 1958 3044 2030 παρῶ,
3077 1960 3298 2012 πάντων
3318 1960 3515 2030 σχεδον
3532 1962 3587 2012 ἐν
3602 1963 3769 2030 ἀνάγκη

2232 2055 2329 2108 καὶ
2357 2053 2535 2124 καιρῷ
2565 2053 2813 2106 κίνδυνον
2842 2051 3164 2108 ἀπειλοῦντι
3186 2052 3497 2123 διαφόρως,
3559 2053 3768 2104 ἀπειπόν-

2231 2162 2340 2197 των
2379 2161 2438 2196 τε
2470 2147 2564 2198 καὶ
2604 2144 3079 2199 καταλελοιπότων
3134 2161 3201 2214 με
3261 2144 3468 2211 φίλων,
3535 2144 3764 2211 suum?”

2231 2237 2476 2308 γνησίων
2511 2239 2607 2289 καὶ
2633 2237 3009 2307 θεραπόντων·
3046 2235 3220 2289 ταῦτά
3257 2253 3346 2304 μοι
3406 2235 3616 2297 τούτοις
3649 2238 3763 2303 ὀφει-

2232 2328 2453 2393 λόντων,
2493 2329 2698 2398 μᾶλλον
2751 2327 2797 2383 δ’
2828 2329 3008 2380 εἰπεῖν
3058 2329 3153 2380 καὶ
3211 2327 3388 2380 πλείω
3442 2331 3540 2380 καὶ
3594 2330 3763 2397 μυρίοις

2231 2419 2643 2488 καταπροέσθαι
2697 2435 2764 2488 με
2821 2418 3089 2480 κινδύνοις
3154 2417 3428 2482 πολλάκις
3503 2420 3764 2490 ᾑρημένων,

2237 2511 2474 2580 κρίμασι
2507 2509 2676 2573 θείοις
2707 2511 2802 2563 καὶ
2832 2508 3012 2575 λόγοις
3039 2511 3185 2580 ὰρῤή
3199 2527 3300 2573 τοις
3325 2513 3507 2582 αὐτῆς
3531 2514 3620 2566 καὶ
3641 2515 3762 2578 μόνης

2232 2603 2328 2669 τῆς
2367 2601 2462 2652 τοῦ
2502 2600 2636 2652 Θεοῦ
2661 2601 2838 2664 δεξιᾶς
2876 2601 3123 2672 ᾐσθόμην
3176 2603 3455 2672 λαμπρῶς
3484 2606 3763 2668 ἀντιλαμεε-

2232 2692 2468 2761 νομένης
2500 2709 2603 2760 μου
2633 2691 2730 2744 καὶ⁵
2780 2692 3022 2744 ἁντωθου
3033 2693 3204 2762 μένης
3247 2696 3500 2764 ἰσχυρῶς
3531 2694 3644 2755 τοὺς
3676 2695 3763 2746 καθ’

2235 2785 2416 2854 ἡμῶν,
2448 2783 2521 2844 ὡς
2556 2784 2622 2838 ἀν
2657 2801 2738 2846 τις
2804 2784 2962 2854 φαίη,
2996 2787 3475 2854 ἐπενηνεγμένους
3535 2787 3763 2856 datm};-

2235 2877 2404 2946 σμοὺς
2436 2879 2531 2929 καὶ.
2561 2878 2657 2940 τὰς
2686 2875 2964 2940 ἑλεπόλεις
2990 2876 3292 2946 τηνικαῦτα
3314 2878 3760 2949 πέφηνεκρείττυν

2231 2966 2340 3018 τῶν
2371 2966 2742 3018 ἀπειλούντων
2777 2969 3020 3032 πάντων,
3043 2972 3137 3019 καὶ
3169 2967 3375 3037 σφόδρα
3399 2967 3590 3021 δεινῶν
3618 2971 3760 3019 toea)-

2232 3073 2360 3108 των.
2404 3056 2515 3109 Καὶ
2571 3059 2598 3108 ὁ
2649 3056 3018 3127 περιπόθητος
3094 3059 3434 3127 αὑτάδελφος
3505 3059 3601 3128 τῆς
3647 3058 3759 3128 βας.-

2233 3148 2385 3218 λείας
2425 3165 2526 3220 μου
2562 3149 2752 3220 κύριος
2789 3152 3042 3220 Ἰωάννης
3063 3153 3090 3202 ό
3125 3152 3425 3220 Ἀγγελος,
3443 3153 3502 3215 ὃς
3524 3154 3613 3220 τῆς
3633 3131 3758 3214 αὐτῆς

2235 3243 2366 3313 ἡμῖν
2418 3241 2514 3295 τοῦ
2554 3243 2749 3311 γένους
2782 3243 2940 3314 ῥίζης
2970 3245 3307 3313 τετυχηκὼς,
3353 3250 3452 3298 καὶ
3511 3245 3784 3314 βασιλικοῖς.

2235 3332 2419 3405 βρύων
2489 3335 2712 3405 αἵμασι,
2770 3335 2891 3388 λίαν
2947 3337 3248 3402 ὲπαινετῶς

2235 3428 2700 3501 περιγεγενῆσθαι
2759 3429 2962 3498 μᾶλλον
3020 3429 3280 3483 ἁπάντων
3347 3433 3415 3500 τῇ
3474 3430 3573 3500 τῆς
3625 3427 3753 3497 ψυχῆς

2236 3515 2512 3588 εὐγενείᾳ,
2549 3517 2582 3588 ἢ
2615 3517 2730 3589 ὅσῳ
2763 3519 3105 3586 περιγίνεται
3143 3522 3210 3587 τῇ
3245 3517 3341 3571 τοῦ
3374 3520 3641 3589 σώματος.
3678 3515 3753 3580 Τὴν

2238 3609 2339 3678 μὲν
2367 3607 2476 3679 γὰρ
2510 3603 2619 3662 οἶδε
2649 3607 2891 3678 φύουσαν
2932 3625 2990 3660 τε
3020 3610 3114 3660 καὶ
3143 3605 3303 3671 αὖθις
3327 3609 3607 3679 μείουσαν,
3629 3608 3705 3677 την
3727 3608 3753 3656 δ

2235 3701 2464 3772 ἄφθιτον
2495 3701 2582 3754 ἀεὶ
2616 3702 2946 3771 μίμνουσαν.
2979 3701 3174 3770 Ψυχῆς
3206 3704 3308 3768 μὲν
3360 3703 3457 3754 οὖν
3499 3699 3751 3769 ἀνδρίαν.ἦ

2239 3796 2558 3864 φρονήσεως
2589 3794 2936 3864 ἑδραιότητα,
2973 3796 3066 3847 καὶ
3096 3796 3227 3864 περὶ
3276 3797 3405 3858 τοῦς
3435 3797 3613 3865 φίλους
3642 3795 3753 3859 στερ-

2237 3886 2464 3956 ρότητα,
2500 3884 2641 3937 ὥστε
2673 3886 3116 3956 προκινδυνεύειν
3149 3887 3332 3938 αὑτῶν
3358 3888 3638 3956 αἱρεῖσθαι,

2241 3976 2411 4047 ματὸς
2445 3993 2505 4029 τε
2550 3977 2802 4045 εύφυῖαν,
2838 3981 2932 4030 καὶ
2959 3977 3146 4049 ὥσπερ
3171 3979 3543 4048 εὐαρμοστίαν
3572 3979 3652 4029 καὶ
3673 3981 3748 4041 ῥι-

2241 4083 2374 4138 μην,
2427 4071 2636 4138 μακρὸν
2667 4068 2733 4120 ἂν
2763 4067 2851 4138 εἴη
2891 4068 2959 4120 τὰ
2991 4071 3085 4121 νῦν
3114 4069 3514 4139 διεξερχεσσαι.
3559 4070 3687 4122 ἐπεὶ
3711 4069 3750 4119 δὲ

2235 4161 2333 4220 τὰς
2371 4158 2503 4230 παρ’
2553 4160 2732 4225 αὐτῶν
2785 4177 2919 4230 φασι
2945 4161 3055 4214 τῶν
3103 4161 3316 4233 ἐχθρῶν
3353 4163 3750 4230 ὀξιοπιστοτίρις

2243 4252 2492 4322 γίνεσθαι
2528 4253 2860 4324 μαρτυρίας,
2918 4254 3109 4308 εἰδεῖεν
3138 4255 3205 4309 ἂν
3265 4257 3360 4309 καὶ
3421 4260 3573 4325 φαῖεν
3625 4254 3750 4306 ταῦτα

2252 4347 2499 4416 Ἰλλυριοί
2519 4363 2576 4400 τε
2598 4345 2720 4400 καθ’
2737 4339 2810 4398 ὦν
2832 4347 3015 4400 οὑτοσὶ
3031 4347 3172 4415 μέγα
3203 4349 3511 4402 κεκλέῖσται
3539 4350 3626 4402 καὶ
3645 4349 3749 4398 πᾶσι

2248 4438 2497 4508 ήπειρος,
2528 4439 2621 4490 καὶ
2647 4437 2802 4490 αὐτοὶ
2829 4439 3061 4506 Πέρσαι,
3080 4440 3131 4493 οἳ
3159 4440 3421 4504 πολλάκις
3445 4443 3608 4510 τούτῳ
3625 4455 3748 4509 προπ-

3327 3337 3775 3404 ἀντεφιλονείκῃςε·

570 4533 818 4589 omnium
842 4574 857 4598 ,
898 4530 1100 4602 quibus
1152 4529 1401 4582 homines
1428 4524 1631 4581 fractos
1660 4523 2134 4580 succumbere‘vi-

2242 4526 2530 4591 ϐάλλοντες
2583 4526 2877 4605 ,παντελῶς
2911 4528 3109 4597 ἥττους
3133 4567 3150 4593 ,
3179 4529 3256 4594 ὡς
3309 4533 3531 4601 μηδένες
3557 4529 3745 4596 ἐναργῶς

571 4629 806 4682 demus:
834 4633 896 4680 ut
919 4637 1135 4682 mecum
1177 4620 1335 4676 exsul
1367 4619 1434 4674 ad
1469 4618 1742 4674 Triballos
1768 4618 1989 4682 abierit,
2020 4618 2139 4673 ani-

578 4731 834 4788 mamque
861 4715 1058 4785 ipsam,
1093 4712 1142 4768 si
1171 4727 1310 4783 epus
1342 4708 1567 4772 fuisset,
1614 4725 1716 4780 pro
1741 4725 1830 4765 me
1863 4710 2141 4779 depositu-

575 4828 672 4868 rus
717 4809 904 4872 fuerit,
953 4800 1418 4876 quomodo'mibi
1476 4817 1618 4858 unus
1665 4801 1842 4856 instar
1891 4802 2138 4856 omnium

570 4905 785 4968 fuerit,
833 4900 1024 4972 quales
1073 4910 1422 4968 quantasque
1465 4910 1678 4950 mecum
1730 4909 2024 4965 perpessus
2069 4893 2142 4948 sit

572 4996 824 5052 miserias
848 5033 863 5059 ,
913 4991 1071 5046 mitto
1101 4989 1289 5044 dicere
1314 5025 1330 5051 ,
1374 5002 1442 5041 ne
1475 4986 1694 5056 ineptus
1737 4985 1977 5050 audiam,
2014 4999 2138 5038 cum

572 5083 1053 5141 commiseratione
1108 5080 1223 5149 ipse
1249 5092 1515 5132 enarrans
1541 5114 1555 5139 ,
1589 5091 1709 5145 qua:
1737 5086 1866 5130 tunc
1892 5075 2140 5130 Numinis

572 5178 776 5232 auxilio
801 5189 1067 5246 generosa
1098 5181 1280 5226 mente
1306 5169 1654 5238 pertulimus.
1683 5167 1817 5224 Volo
1852 5169 2019 5238 igitur
2051 5183 2138 5224 res

571 5269 693 5340 ejus
711 5265 944 5334 longiori
972 5258 1277 5317 narrationi
1305 5271 1604 5312 reservare.
1633 5258 1696 5312 Et
1721 5258 1984 5326 quoniam
2005 5273 2133 5312 vero

573 5358 786 5410 minora
841 5353 1211 5415 habebuntur,
1259 5350 1419 5419 plane
1451 5363 1570 5417 quae
1601 5349 1982 5413 disseruimus,
2032 5365 2132 5418 po-

575 5449 702 5503 tcrit
734 5448 856 5517 quis
889 5461 919 5499 e
951 5444 1139 5524 paucis
1179 5442 1477 5496 admodum
1523 5450 1579 5496 et
1632 5439 1780 5495 velut
1812 5442 1868 5495 in
1902 5443 2134 5498 transitu

2239 4619 2688 4689 ἀπηλέγχθησαν.
2712 4620 2777 4672 ’Δ
2796 4619 2840 4672 δ’
2859 4620 3169 4691 ὑπήνεγκεν
3195 4622 3453 4693 ἀνδρείως
3484 4628 3570 4676 καὶ
3596 4625 3744 4674 πέτει-ι-

2242 4711 2334 4764 θεν
2357 4711 2495 4780 ἐμὴν
2535 4713 2715 4782 χάριν,
2744 4713 3044 4782 χρημάτων
3082 4715 3378 4786 ἀφαίρεσιν
3414 4715 3648 4783 παντελῆ,
3678 4729 3742 4763 ita:

2243 4799 2478 4855 πλούτου
2531 4801 2729 4865 παντὸς
2791 4803 3080 4873 δήμευσιν,
3164 4807 3516 4876 θεραπόντων
3566 4805 3740 4873 πλῆθος.

2248 4894 2507 4964 στέρησίν
2534 4911 2592 4946 τε
2647 4894 2756 4947 τῶν
2789 4895 2968 4949 ἄλλων
2999 4897 3279 4966 ἁπάντων,
3331 4894 3407 4954 ὧν
3466 4899 3740 4968 ἡττημένους

2239 4985 2458 5055 ὁρῶμεν
2482 4981 2806 5053 ἀνθρώπους
2837 4999 2852 5016 ⁶
2909 4985 3058 5047 ὅπως
3088 4987 3145 5039 τέ
3179 5004 3270 5056 μοι
3331 4989 3739 5058 συνεξιξηιιςταιες

2241 5075 2568 5148 Τριϐαλοὺς,
2616 5075 2712 5128 καὶ
2750 5074 2928 5146 ψυχὴν
2979 5078 3147 5148 αὐτὴν
3196 5081 3430 5152 ἑτοίμως
3481 5076 3610 5148 εἶχεν
3638 5075 3738 5134 ὑπὲρ

2243 5167 2380 5240 ἐμοῦ
2412 5167 2586 5222 θεῖναι
2621 5168 2784 5220 όπότε
2812 5169 2940 5232 ἔδει,
2978 5173 3075 5226 καὶ
3129 5173 3284 5237 ὅπως
3317 5173 3522 5242 ἐγίνετό
3548 5189 3627 5240 μοι
3654 5167 3738 5220 ἀντὶ

2243 5263 2484 5332 πάντων,
2531 5261 2728 5312 ὁποίων
2788 5262 2847 5313 τέ
2896 5279 2986 5332 μοι
3034 5265 3128 5316 καὶ
3178 5267 3391 5319 ὁπόσων
3437 5263 3735 5324 κεκοικὼνηιε

2241 5354 2349 5406 τῶν
2387 5350 2648 5421 ἀνιαρῶν,
2691 5351 2764 5404 ἐῶ
2809 5353 3009 5422 λέγειν,
3041 5357 3116 5419 ὡς
3146 5356 3221 5427 μὴ
3256 5358 3448 5422 ἀνάξια
3473 5357 3591 5423 δόξω
3608 5355 3732 5420 πράτ-

2243 5463 2354 5498 των
2387 5440 2811 5511 εκειηγούμενος
2849 5445 2946 5498 σὺν
3001 5448 3166 5514 οῐκτῳ
3192 5448 3254 5501 δι’
3300 5447 3549 5514 ἐμαυτοῦ,
3595 5444 3624 5497 ἀ
3650 5441 3733 5492 τότε

1795 5560 2013 5622 Jacobi
2054 5562 2318 5626 Pontani
2360 5562 2524 5618 notua

647 5690 758 5758 (15)
822 5685 1017 5739 Vocem
1064 5681 1678 5758 firmamenti-cess).ro
1719 5684 1934 5758 accipio
1977 5686 2130 5752 quasi

575 5753 824 5821 dixisset,
868 5765 1122 5822 tanquam
1170 5756 1356 5814 frater,
1404 5754 1677 5822 fuitenim
1709 5753 1945 5820 ἀνεψιδς,
1979 5769 2032 5808 et
2061 5758 2132 5810 ita

575 5845 720 5899 stt-pe
754 5830 902 5882 illum
939 5821 1115 5899 vocat.
1157 5823 1272 5876 Non
1304 5824 1468 5893 igitur
1501 5821 1688 5899 frater,
1712 5823 1903 5899 iisdem
1936 5839 2129 5899 paren-

579 5891 748 5966 tib'us,
799 5894 1092 5960 aut_altcro
1123 5891 1594 5963 natusz'quamvis
1635 5907 1700 5946 es
1735 5893 1921 5949 eadem
1940 5891 2132 5950 radice

2239 5678 2453 5754 generis
2490 5682 2631 5754 __c_utn
2660 5671 3042 5736 Cantacuzeno
3093 5681 3359 5752 prodiisse
3397 5698 3511 5736 mox
3553 5679 3730 5754 dicatur,

2240 5746 2384 5834 t'ilius
2416 5746 2636 5815 scilicet
2661 5761 2984 5817 matertera},
3011 5746 3109 5808 aut'
3133 5753 3361 5822 alicujus
3388 5747 3731 5819 consanguim't

2239 5839 2429 5892 ιρςιυςο

2673 5996 2836 6010 ...ο-ὡκᾼ
2861 6008 2874 6013 _
2987 6009 3103 6015 I____.
