3962 6648
452 383 590 449 1οζ5

1615 389 1933 449 ,ΙΟᾹΝΝΙΞ
1971 392 2504 454 CANTACUZENI

3561 389 3688 451 ιιςς

453 505 707 570 ingentes
750 513 968 554 creasse
997 498 1341 553 calamitates
1372 498 1750 570 intelligebant
1785 499 2020 571 :juvare

2135 503 2510 572 κακοπραγίας
2533 496 2696 571 ἦσαν.
2727 499 2848 554 Τῶν
2875 499 2932 553 δὲ
2960 497 3112 567 αὑτῷ
3137 498 3538 567 συναραμένων
3565 500 3689 567 πρὸς

451 601 635 645 autem
674 599 870 654 semet,
901 603 1099 661 magno
1134 589 1277 646 duce
1306 589 1488 644 omnia
1513 590 1627 660 jam
1672 604 1774 644 suo
1833 589 2016 644 domi-

449 693 581 738 natu
625 691 865 748 tenente,
901 699 1010 737 non
1068 692 1344 753 poterant.
1412 682 1684 738 Cancrum
1747 682 2014 752 Georgius

448 775 760 841 Cbumnus,
792 791 1021 843 magnus
1077 775 1550 844 stratopedarcha,
1589 791 1732 828 unus
1777 771 1845 830 de
1883 775 2014 830 belli

449 861 792 931 auctoribus,
827 866 892 920 ad
927 867 1324 936 imperati-iectu
1375 866 1588 942 adiens,
1628 883 1882 936 magnum
1916 871 2018 920 du-

449 972 569 1010 cem
596 956 734 1011 clam
767 957 1068 1022 accusavit,
1096 957 1189 1025 qui
1224 972 1357 1026 opes
1391 957 1704 1027 reipublicae
1750 957 2020 1011 inutiliter

448 1048 762 1116 dissiparet,
785 1058 839 1102 et
859 1049 923 1102 ad
951 1048 1154 1102 bellum
1183 1059 1441 1103 terrestre
1471 1048 1699 1103 classem
1726 1048 1864 1102 nihil
1889 1062 2016 1116 pro-

449 1140 690 1194 futuram
725 1140 1046 1195 instrueret.
1099 1141 1198 1206 Qui
1241 1141 1390 1195 enim
1421 1141 1612 1196 classis
1647 1149 1840 1194 contra
1878 1140 2019 1194 Can-

450 1242 779 1286 tacuzenum
832 1247 956 1286 cum
1007 1235 1149 1302 apud
1191 1231 1463 1288 Triballos
1510 1240 1846 1296 manentem,
1903 1241 2016 1285 tum

449 1320 889 1393 Didymoticbum
923 1328 1114 1379 urbem
1157 1325 1345 1393 procul
1385 1340 1415 1379 a
1443 1324 1577 1380 mari
1608 1335 1871 1380 semotam
1920 1323 2019 1378 ob-

452 1412 716 1468 tinentem
767 1413 1099 1469 dimicaret?
1149 1415 1318 1469 Dabat
1362 1414 1550 1484 itaque
1603 1415 1916 1476 consilium,
1961 1424 2022 1468 ut

453 1506 721 1572 impensis
780 1505 1142 1560 infructuosis
1192 1507 1584 1568 abstineretur,
1639 1516 1693 1560 et
1742 1507 2021 1575 excogita-

451 1609 605 1650 retur
633 1597 911 1667 quidpiam
931 1637 948 1662 ,
975 1597 1124 1668 quod
1157 1599 1224 1652 ad
1271 1599 1439 1653 totius
1468 1598 1785 1668 reipublicae
1811 1598 2020 1651 emolu-

455 1693 697 1737 mentum
728 1685 1100 1740 redundaret:
1131 1686 1181 1739 id
1212 1701 1334 1741 esse
1363 1701 1550 1756 pacem
1579 1697 1632 1741 et
1663 1685 1840 1740 foedus
1897 1701 2020 1740 cum

449 1771 860 1836 tlantacuzeno,
897 1771 1044 1841 quod
1078 1773 1372 1827 utilitatem
1404 1789 1676 1826 summam
1713 1773 2020 1842 pollicere-

2127 597 2221 648 τὸν
2259 594 2518 664 πόλεμον.
2553 596 2646 647 καὶ
2685 591 3028 645 πεπεικὸτων
3072 590 3346 660 βασιλίδα,
3380 589 3458 648 ὡς
3487 590 3700 640 ἐπιδου-

2126 685 2336 738 λεὺοιτο
2389 689 2540 757 παρὰ
2591 681 3051 750 Καντακουζηνοῦ
3104 681 3199 734 τοῦ
3260 681 3558 748 βασιλέως,
3602 680 3699 730 τῶν

2130 779 2231 846 μὲν
2275 778 2377 848 ήδη
2409 779 2730 848 παρήπτετο
2761 776 3020 845 μετρίως,
3066 773 3163 826 κα)⁸
3192 773 3433 843 καθῄρει
3466 773 3584 823 τῶν
3613 774 3702 840 εἱρ-

2127 869 2260 941 χῶν,
2283 870 2540 942 ἀφορμὴν
2565 869 2822 938 παρέχων
2842 867 2944 933 τῆς
2971 867 3104 935 πρὸς
3128 866 3290 918 αὐτὸν
3311 865 3592 932 δ;αφορ.ἱς
3608 880 3621 892 ·
3647 863 3706 913 ἶν’

2125 965 2178 1015 ει
2207 960 2538 1033 διαφθείρειε
2572 961 2843 1030 μηδεμίαν
2875 960 3083 1030 μέμψιν
3114 959 3254 1026 ἔχοι,
3281 957 3359 1020 ὡς
3386 957 3452 1008 οὑ
3481 955 3707 1016 δικαίως

2123 1056 2386 1124 ἀμύνοιτο
2418 1057 2639 1119 αὐτοὺς,
2665 1055 2868 1118 κακοὺς
2912 1072 2976 1106 πε
2989 1055 3044 1124 pl.
3069 1053 3234 1105 αὑτὸν
3274 1050 3705 1119 γεγενημένους.

2125 1147 2250 1200 Τῶν
2281 1147 2338 1199 δὲ
2370 1145 2615 1216 ἔμελλεν,
2651 1146 2686 1200 ἃ
2719 1147 3060 1216 συνορῶντες
3089 1147 3185 1198 καὶ
3218 1145 3379 1198 αὑτοὶ
3408 1146 3508 1197 καὶ
3541 1160 3708 1209 stove-

2127 1238 2230 1308 ρὰν
2258 1240 2389 1306 περ)⁸
2422 1239 2531 1290 τῶν
2565 1237 2868 1307 μελλόντων
2897 1237 3000 1307 ἢδη
3041 1235 3256 1305 ἔχοντες
3287 1235 3516 1298 ἐλπίδα,
3545 1233 3710 1303 ᾐσθά-

2126 1343 2279 1380 νοντο
2313 1327 2412 1394 μὲν
2435 1327 2508 1390 ὡς
2542 1327 2693 1396 σφίσι
2724 1345 2785 1381 τε
2815 1329 3001 1390 αὐτοῖς
3033 1329 3129 1381 καὶ
3160 1330 3274 1390 τοῖς
3322 1327 3514 1386 ἄλλοις
3550 1327 3710 1376 αἴτιοι

2126 1419 2470 1488 κατέστησαν
2506 1421 2760 1490 μεγάλων
2787 1419 3106 1491 συμφορῶν,
3152 1419 3371 1489 βοηθεῖν
3404 1418 3464 1469 δὲ
3497 1416 3608 1468 οὑκ
3635 1409 3708 1466 εἷ-

2126 1529 2220 1581 χον
2248 1511 2482 1574 ἑαυτοῖς,
2525 1512 2706 1566 πάντα
2739 1511 2840 1583 ήδη
2879 1511 3119 1582 μεγάλου
3162 1510 3352 1571 δουκδς
3406 1509 3499 1576 ὑφ’
3533 1507 3710 1573 ἑαυτῷ

2127 1607 2526 1674 πεποιημένου.
2559 1605 2809 1675 Χοῦμνος
2840 1606 2896 1660 δὲ
2932 1604 3205 1673 Γεώργιος
3231 1606 3262 1656 ὁ
3316 1604 3499 1670 μέγας
3547 1617 3712 1670 στρα-
3800 1619 3810 1630 ε

2125 1694 2487 1765 τοπεδάρχης,
2519 1689 2601 1756 εἷς
2631 1693 2706 1746 ῶν
2736 1695 2845 1746 τῶν
2887 1695 2979 1761 τὸν
3019 1694 3258 1762 πόλεμον
3307 1691 3708 1758 κεκινηκότων,

2130 1781 2364 1851 βασιλίδι
2407 1782 2744 1850 προσελθὼν,
2791 1782 2974 1852 ἡρέμα
3032 1783 3426 1851 κατεμέμφετο
3487 1778 3710 1846 μεγαλῳ

413 1880 427 1892 ο
454 1871 566 1915 tur.
603 1861 734 1916 Tam
764 1839 1084 1932 importuno
1123 1880 1359 1935 namque
1387 1865 1534 1920 bello
1564 1839 1830 1919 adversus
1867 1866 2017 1918 illum

2135 1875 2303 1938 δουκὶ,
2334 1875 2410 1936 ὡς
2454 1875 2536 1938 είς
2585 1875 2738 1928 οὐδὲν
2769 1874 2888 1928 δέον
2921 1875 2990 1928 τὰ
3019 1874 3174 1928 κοινὰ
3225 1871 3709 1930 καταναλίσκοντι,

454 1956 746 2020 suscitato,
783 1956 986 2025 inquit,
1017 1968 1076 2013 et
1105 1958 1512 2013 studiosissime
1543 1959 1695 2013 illato
1737 1958 1875 2012 nihil
1926 1973 2024 2013 nos

455 2046 775 2114 profecisse,
803 2048 898 2102 sed
930 2063 1056 2102 eum
1101 2049 1282 2103 damni
1316 2060 1597 2118 expertem
1632 2049 1776 2119 apud
1807 2047 2026 2103 Tribal-

456 2139 634 2193 lorum
674 2139 978 2210 principem
1011 2141 1194 2195 adhuc
1236 2140 1469 2206 haerere,
1501 2155 1732 2209 esseque
1761 2140 1814 2193 in
1853 2139 2024 2193 multa

456 2230 629 2298 gratia
664 2247 678 2283 :
714 2242 770 2286 et
803 2233 1106 2287 exercitum
1153 2232 1454 2297 conscribi,
1485 2232 1733 2302 quicum,
1769 2240 1828 2285 ut
1872 2230 2028 2284 audi-

465 2337 606 2387 mus,
645 2321 1086 2394 Didymoticbum
1122 2332 1433 2378 revertatur
1461 2340 1473 2374 :
1499 2331 1554 2378 et
1587 2321 2029 2394 Didymoticben-

464 2429 554 2468 ses
581 2415 649 2469 de
679 2414 863 2470 animo
885 2431 1014 2486 erga
1044 2416 1199 2470 illum
1227 2432 1329 2470 suo
1357 2416 1492 2470 nihil
1515 2415 1817 2479 remittere,
1850 2430 2026 2484 neque

458 2507 605 2562 bello
649 2516 758 2562 tam
809 2509 1122 2579 propinquo
1152 2509 1408 2575 cruciari,
1444 2510 1538 2565 sed
1566 2512 1752 2581 potius
1777 2508 2027 2565 Thracia:

463 2601 692 2656 urbibus
733 2602 1002 2658 universis
1047 2606 1248 2658 nocere
1308 2604 1574 2658 immitius
1609 2620 1774 2675 quam
1827 2603 2030 2658 Cerbe-

460 2708 606 2759 rum,
627 2694 813 2749 omnia
836 2694 1234 2764 deprzedantes,
1263 2695 1618 2766 funditusque
1648 2699 2026 2752 devastantes:

460 2787 578 2840 haec
612 2786 744 2841 mihi
770 2789 1114 2857 nequaquam
1141 2803 1172 2841 e
1207 2803 1263 2841 re
1295 2799 1507 2854 nostra,
1550 2803 1726 2859 neque
1767 2789 1822 2842 in
1865 2787 2026 2844 finem

461 2879 666 2932 bonum
709 2876 956 2934 desitura
1015 2878 1293 2933 videntur.
1326 2877 1504 2945 Quare
1552 2895 1741 2948 pacem
1778 2894 1901 2934 cum
1937 2882 2030 2936 illo

462 2970 1102 3039 suscipiendamsentio.
1131 2972 1289 3044 Nune
1315 2973 1460 3026 enim
1505 2973 1560 3026 in
1599 2972 1772 3028 aliena
1808 2975 2030 3044 regione

460 3063 745 3134 profugus,
773 3073 828 3118 et
855 3079 1018 3134 Opem
1046 3074 1326 3120 externam
1350 3080 1675 3135 exposcens,
1707 3066 1885 3122 obviis
1909 3082 2028 3122 eam

2131 1966 2226 2020 καὶ
2255 1965 2390 2036 πρὸς
2437 1966 2671 2034 πόλεμον
2703 1965 3020 2037 ἡπτιρὼτην
3055 1965 3273 2027 στόλους
3319 1962 3710 2032 ἑξαρτυομέκρ

2133 2057 2302 2128 μηδὲν
2331 2057 2645 2128 ὀνήσοντας.
2676 2057 2819 2128 Πρὸς
2846 2059 2900 2110 τί
2933 2058 3040 2130 γὰρ
3084 2058 3112 2108 ὁ
3148 2055 3335 2117 στόλος
3384 2052 3709 2107 ἐναντιώτε-

2132 2170 2222 2204 ται
2277 2149 2718 2219 Καντακουζηνῷ
2751 2149 2901 2220 αὑτῷ
2955 2166 3014 2202 τε
3048 2147 3200 2218 παρᾶ
3250 2145 3549 2215 Τριδαλοζ
3597 2145 3710 2195 ὅντε

2132 2244 2228 2297 καὶ
2259 2243 2640 2312 Διδυυότειχον
2670 2242 2956 2311 κατέχοντι
2976 2241 3134 2293 πόλιν
3169 2238 3397 2310 μακρὰν
3431 2237 3708 2302 θαλάσσης

2133 2337 2479 2408 ᾠκισμένηνς
2515 2333 2867 2388 συνεσοὺλευέ
2917 2351 2972 2386 τε
3028 2332 3229 2401 μᾶλλον
3295 2330 3406 2384 τῶν
3454 2329 3716 2380 τοιούτων

2132 2428 2434 2498 ἀπέχεσθαι
2469 2427 2742 2496 ἀνονήνων
2771 2425 3048 2489 δαπανῶν,
3077 2424 3215 2492 προς
3245 2439 3368 2475 τινα
3417 2421 3480 2472 δὲ
3513 2420 3707 2490 χωρεῖν

2132 2521 2375 2573 ἐπίνοιαν
2407 2520 2518 2582 τοῖς
2569 2518 2715 2582 ὅλοις
2753 2519 3043 2588 πράγμασι
3107 2515 3492 2570 συνοίσουσαν.
3536 2511 3708 2565 τοῦτο

2134 2612 2190 2664 δὲ
2242 2609 2406 2676 εἶναι,
2462 2611 2686 2680 εἰρήνην
2739 2609 2991 2663 τίθεσθαι
3044 2607 3180 2676 πρὸς
3247 2601 3707 2671 Καντακουξηνδν

2136 2709 2231 2760 καὶ
2264 2703 2518 2763 σπονδὰς,
2555 2703 2611 2755 αἳ
2646 2701 2882 2771 μάλιστα
2909 2701 3112 2772 δόξειεν
3142 2698 3469 2751 λυσιτελεῖν.
3496 2697 3571 2748 T‘o
3603 2697 3710 2762 γὰρ

2135 2795 2393 2850 τοσούτου
2419 2795 2658 2866 πολέμου
2689 2795 2828 2865 πρὸς
2863 2794 3025 2847 αὑτὸν
3064 2792 3450 2861 κεκινημένου,
3494 2791 3590 2842 καί
3613 2789 3710 2840 πά-

2137 2907 2238 2958 σης
2273 2889 2513 2955 σπουδῆς
2559 2887 3040 2956 είσενηνεγμένης,
3078 2883 3246 2954 μηδὲν
3283 2885 3434 2952 ἡμᾶς
3481 2879 3707 2948 δυνηθῇς

2134 2999 2222 3034 ναι
2250 2979 2430 3044 πλέον,
2459 2978 2574 3033 ἀλλ’
2596 2973 2803 3030 ἐκεῖνον
2830 2993 2886 3029 τε
2918 2976 3106 3044 ἅπαθῆ
3134 2976 3344 3038 κακῶν,
3376 2974 3476 3026 καὶ
3507 2971 3701 3040 πολλῆς

2135 3072 2348 3135 εὐνοίας
2377 3068 2719 3125 ἀπολαύοντα
2746 3067 2898 3137 παρὰ
2930 3066 3008 3137 τῷ
3038 3065 3325 3136 Τριϐαλῶν
3359 3064 3598 3132 dav-5111;,
3624 3061 3703 3114 En

466 3155 612 3209 ulnis
652 3155 1036 3226 amplectetur,
1084 3158 1130 3211 si
1189 3158 1469 3212 moderata
1522 3157 1902 3227 petiverimus.
1975 3157 2029 3213 Si

2137 3163 2433 3232 διαμένειν,
2468 3158 3032 3231 παρασκευαζόμενὸν
3081 3175 3142 3210 τε
3193 3156 3270 3220 ῶς
3326 3155 3599 3224 ἀκούομεν
3629 3154 3701 3214 είς

464 3249 614 3304 domi
655 3249 844 3313 fuerit,
915 3265 1144 3319 seseque
1205 3250 1669 3315 corroboraverit,
1723 3261 1908 3306 metuo
1960 3266 2030 3306 ne

464 3343 627 3398 nobis
652 3358 772 3400 eam
818 3343 1194 3412 ﬂagitantibus
1236 3343 1351 3412 ipse
1385 3353 1570 3412 neget,
1602 3343 1880 3412 explorata
1938 3359 2033 3414 spe

465 3435 716 3489 victoriae
764 3435 1008 3487 conﬁsus
1053 3433 1330 3487 videlicet.
1390 3417 1710 3502 Imperatrix
1744 3449 1867 3487 eum
1907 3449 2029 3488 cum

466 3528 683 3580 ratione
715 3524 1112 3580 coasentientia
1147 3524 1400 3586 suadere.
1434 3534 1489 3578 et
1515 3531 1704 3590 postea
1735 3524 1877 3593 quod
1906 3539 2037 3578 con-

465 3614 802 3671 sultantibus
827 3631 856 3669 e
889 3615 1170 3684 republica
1196 3615 1372 3668 visum
1402 3612 1568 3666 fuerit
1589 3611 1833 3667 facturos
1861 3613 2033 3679 dixit;

467 3709 629 3780 530
664 3708 768 3762 hoc
797 3717 1062 3776 tempore,
1100 3707 1346 3775 impensa
1387 3706 1497 3774 jam
1548 3704 1708 3770 facta,
1745 3705 2035 3775 solutaque

467 3800 772 3854 classiariis
795 3797 1092 3868 stipendio,
1116 3796 1589 3865 abuavigationem
1606 3797 1810 3866 justam
1835 3795 2033 3850 videri.

467 3893 592 3948 Haec
620 3895 706 3948 illa
741 3894 1049 3957 allirmavit,
1079 3893 1225 3962 quod
1253 3894 1304 3947 ei
1336 3908 1567 3963 magnus
1594 3893 1700 3946 dux
1728 3903 2036 3963 receperat,

465 3992 511 4041 si
545 3988 598 4041 in
637 3986 1008 4041 Macedoniam
1043 3987 1370 4057 navigasset,
1397 3987 1842 4042 Cantacuzcnum
1910 3986 2035 4039 vin-

465 4063 616 4132 ctum
661 4077 1050 4142 adducturum,
1095 4076 1326 4147 perinde
1383 4077 1539 4146 quasi
1571 4077 1758 4131 Crales
1797 4091 1854 4131 se
1883 4076 2033 4130 illum

469 4170 797 4222 traditurum
835 4170 1206 4238 promisisset,
1229 4169 1274 4222 si
1309 4167 1542 4238 ipsemet
1571 4167 1637 4221 ad
1669 4183 1728 4221 se
1755 4167 2031 4222 venisset:

468 4271 527 4315 et
565 4261 712 4331 quod
739 4259 1184 4314 Cantacuzenum
1211 4271 1454 4328 tempore
1487 4258 1615 4313 belli
1647 4258 1834 4312 multis
1877 4259 2033 4312 altri-

466 4362 586 4407 tum
621 4351 1060 4415 difﬁcultatibus,
1087 4359 1144 4404 et
1173 4360 1347 4404 matre
1388 4349 1443 4404 in
1473 4365 1697 4404 carcere
1741 4351 2033 4416 exstincta,

470 4446 695 4513 lilioque
725 4434 1044 4497 Andronico'
1067 4443 1159 4497 diu
1191 4445 1299 4514 jam
1332 4443 1568 4498 vinculis
1597 4451 1653 4496 et
1674 4442 1798 4497 aliis
1826 4444 2035 4498 incom-

2135 3253 2514 3322 Διδυμότειχον
2559 3253 2856 3321 ἐπανήκειν
2890 3249 3027 3319 μετὰ
3069 3248 3350 3317 στρατιᾶς.
3377 3247 3520 3308 Τοὺς
3551 3261 3610 3296 τε
3648 3246 3698 3298 ἐν

2137 3345 2510 3416 Διδυμοτείχῳ
2563 3343 2734 3414 μηδὲν
2773 3344 2990 3412 ὑφεῖναι
3019 3341 3115 3411 τῆς
3160 3342 3238 3403 είς
3270 3339 3437 3393 αὑτὸν
3475 3335 3697 3399 εὐνοίας,

2140 3438 2264 3508 μηδ’
2297 3437 2402 3489 ὑπὸ
2448 3435 2541 3488 τοῦ
2604 3435 3032 3506 περιεστηκότος
3080 3432 3326 3502 πολέμου
3389 3429 3694 3500 πιεσθῆναι,

2136 3529 2272 3582 ἀλλὰ
2306 3528 2506 3598 μᾶλλον
2538 3527 2736 3590 αὑτοὺς
2769 3529 2892 3590 ταῖς
2925 3525 3068 3580 κατὰ
3111 3527 3337 3596 Θρᾴκην
3386 3524 3586 3582 πάσαις
3613 3520 3701 3570 πό-

2136 3618 2276 3684 λεσι,
2308 3619 2590 3690 κερϐἐρων
2616 3616 2755 3674 εἶναι
2793 3619 3228 3689 χαλεπωτέρους,
3255 3617 3436 3670 πάντα
3471 3612 3697 3680 διατεθεί-

2143 3728 2338 3782 ροντας
2368 3711 2539 3781 ἄρδην
2567 3713 2662 3764 καὶ¹
2682 3709 3057 3780 ληϊζομένους,
3087 3709 3149 3759 οὑ
3177 3708 3315 3776 πρὸς
3344 3702 3502 3776 ἡμῶν
3525 3705 3695 3772 ἔμοιγε

2136 3799 2277 3854 εἶναι
2303 3785 2577 3870 ιραίνεται,
2615 3801 2734 3853 οὑδὲ
2764 3801 2897 3872 πρός
2927 3815 2979 3852 τι
3036 3799 3192 3862 τέλος
3246 3798 3434 3867 λήξειν
3484 3794 3692 3862 ἀγαθὸν.

2137 3893 2229 3946 Διό
2278 3910 2368 3962 μοι
2427 3895 2522 3946 καὶ⁵
2566 3893 2855 3962 παραινεῖν
2887 3892 3111 3960 ἐπῆλθε,
3164 3889 3414 3942 τίθεσθαι
3448 3888 3546 3957 τὴν
3572 3888 3694 3955 πρὸς

2138 3985 2302 4038 αὑτὸν
2334 3985 2580 4056 εἰρήνην.
2611 3981 2726 4035 Νῦν
2757 3982 2856 4052 μὲν
2903 3984 3009 4052 γὰρ
3045 3983 3336 4052 ὑπερόριος
3361 3983 3421 4033 ὲν
3458 3981 3696 4048 ἀλλοτρία

2137 4075 2428 4148 διατρίϐων
2452 4076 2545 4128 καὶ
2573 4076 2672 4143 τῆς
2695 4075 2823 4143 παρ’
2847 4073 3048 4143 ἑτέρων
3077 4073 3330 4142 δεόμενος
3364 4071 3692 4142 ἐπικουρίας,

2139 4169 2370 4237 ἑτοίμως
2401 4169 2465 4220 ἂν
2497 4167 2829 4220 ὑπακούσειε
2867 4166 3000 4235 πρὸς
3033 4165 3131 4236 τὴν
3160 4167 3412 4235 είρήνην,
3441 4167 3488 4216 εἰ
3515 4164 3698 4229 μέτρια

2138 4259 2448 4328 αἰτοίημεν.
2494 4257 2555 4309 Ei
2585 4257 2632 4310 δ’
2662 4257 2800 4309 οἴκοι
2847 4273 2899 4308 τι
2935 4256 3144 4324 γένοιτο
3174 4257 3267 4308 καί
3299 4273 3441 4317 τινος
3473 4255 3692 4323 εὐπορή-

2141 4366 2255 4402 σειε
2303 4348 2611 4418 δυνάμεως,
2659 4348 2874 4401 δέδοικα
2927 4348 3002 4417 μὴ
3053 4347 3324 4417 δεομένων
3375 4348 3530 4416 ἡμῶν
3559 4348 3688 4398 ἀπα·

2139 4441 2378 4492 ναίνοιτο
2408 4439 2590 4504 αὐτὸς,
2616 4433 2703 4491 οἷα
2733 4438 2795 4507 δὴ
2829 4437 3055 4507 βεϐαίας
3091 4437 3192 4507 ἤδη
3222 4437 3318 4489 τοῦ
3353 4437 3687 4506 περιγενήσξ.

469 4535 648 4590 modis
693 4533 913 4601 afﬂicto,
945 4535 1320 4604 immensaque
1346 4535 1396 4588 vi
1425 4536 1671 4604 pecunia:
1698 4536 1991 4604 spoliatum
2017 4551 2029 4599 ;

2144 4533 2270 4584 σθαι
2321 4532 2479 4600 ἡμῶν
2544 4529 2765 4592 ἐλπίδας
2813 4529 2973 4598 ἔχων.
3031 4528 3253 4592 Βασιλὶς
3311 4531 3367 4582 δὲ
3418 4531 3566 4596 λόγον
3596 4528 3687 4595 μὲν

469 4627 723 4695 pluribus
772 4639 1032 4695 praeterea
1081 4643 1204 4682 cum
1254 4627 1545 4681 insolentia
1588 4637 1639 4682 et
1705 4629 2035 4683 contumelia

469 4725 523 4773 in
569 4719 722 4774 illum
784 4719 1099 4791 designatis,
1152 4731 1208 4774 et
1252 4720 1601 4774 amicissimis
1657 4721 2035 4789 cognatisque,

471 4813 593 4867 aliis
627 4813 738 4866 vita
770 4811 1114 4881 fortunisque
1143 4814 1307 4867 simul
1337 4814 1604 4882 expulsis.
1638 4812 1760 4867 aliis
1820 4829 1884 4866 ex
1916 4813 2040 4866 illu-

479 4903 767 4958 strissimis
799 4911 855 4956 et
883 4902 1161 4971 opulentis
1201 4902 1265 4955 ad
1303 4912 1676 4972 paupertatem
1701 4903 1954 4965 redactis,
1984 4915 2038 4956 et

475 5000 528 5050 in
562 4996 868 5052 custodiam
903 4994 1163 5059 deunsis,
1202 5011 1309 5049 non
1345 4995 1503 5049 facile
1543 4995 1608 5048 ad
1643 5010 1830 5064 pacem
1881 4994 2040 5048 incli-

473 5100 759 5152 naturum,
794 5087 891 5142 sed
933 5086 1340 5141 vindicaturum
1373 5102 1430 5142 se
1459 5086 1637 5140 modis
1667 5086 1947 5144 omnibus.
1985 5094 2040 5138 et

476 5200 572 5250 par
620 5181 742 5252 pari
787 5179 1088 5234 relaturum
1142 5178 1430 5246 cogitaret.
1493 5177 1632 5232 l—linc
1684 5179 1748 5229 ad
1811 5176 2038 5230 consilia

479 5277 631 5346 pacis
657 5273 910 5344 agitanda
959 5273 1106 5326 lenta
1129 5285 1249 5326 esse
1273 5286 1336 5325 ae
1365 5280 1600 5340 torpere,
1631 5269 1773 5339 quod
1801 5269 2038 5323 laborem

477 5370 698 5420 inanem
733 5371 971 5434 putaret.
1008 5361 1142 5416 Nam
1177 5362 1494 5431 priusquam
1527 5361 1593 5416 ad
1642 5370 1846 5414 tantam
1896 5360 2042 5415 indi-

477 5459 738 5524 gnitatem
769 5456 1068 5519 veniretur,
1112 5464 1167 5508 et
1212 5454 1298 5508 sui
1351 5453 1498 5508 omni
1538 5453 1862 5508 crudelitate
1914 5468 2042 5508 con-

479 5547 811 5622 tumeliaque
861 5546 916 5599 in
965 5560 1092 5600 eum
1129 5545 1620 5608 deboccharentur,
1654 5559 1762 5610 pra:
1789 5542 1912 5596 aliis
1945 5557 2042 5611 pa-

480 5657 600 5694 rem
637 5654 758 5696 sese
809 5638 1199 5705 concupiscere
1243 5638 1520 5706 complura
1571 5635 1733 5690 dabat
1792 5635 2038 5690 indicia:

482 5735 556 5787 iza
597 5747 822 5803 prorsus
867 5731 1208 5796 existimans,
1260 5733 1380 5801 ejus
1433 5729 1560 5784 odio
1590 5729 1792 5784 bellum
1826 5727 1967 5782 istuc
2012 5743 2042 5781 a

485 5825 755 5898 principio
788 5825 1118 5882 concitatum
1158 5823 1346 5891 fuisse,
1380 5837 1478 5878 nec
1507 5837 1632 5878 eum
1665 5821 1767 5877 sibi
1823 5835 1884 5876 ac
1916 5820 2041 5876 filiis

2141 4622 2334 4691 ἔχοντα
2369 4617 2489 4672 εἷπε
2535 4621 2821 4689 παραινεῖν
2845 4658 2861 4684 ,
2898 4620 2993 4672 καὶ
3035 4619 3266 4691 ὕστερον
3317 4623 3345 4674 ὅ
3386 4638 3440 4674 τι
3469 4621 3532 4673 ἄν
3569 4620 3680 4685 δοκῇ

2139 4713 2444 4766 λυσιτελεῖν
2476 4716 2631 4781 κοινῇ
2671 4713 3045 4782 σκεψαμένους
3077 4713 3342 4782 πράττειν
3369 4730 3381 4740 ·
3429 4713 3486 4764 τὸ
3527 4711 3576 4763 δὲ
3600 4709 3682 4761 νῦν

2142 4807 2287 4875 ἔχον,
2318 4809 2417 4874 τῆς
2445 4805 2693 4873 δαπάνης
2724 4805 2826 4874 ἢδη
2862 4807 3236 4873 γεγενημένης
3265 4808 3361 4859 καὶ
3389 4806 3476 4857 τὸν
3511 4802 3679 4872 μισθὸν

2142 4897 2376 4966 ἑχόντων
2405 4897 2512 4948 τῶν
2535 4895 2856 4966 τριηριτῶν,
2891 4893 3099 4947 δίκαιον
3133 4897 3405 4948 ποιεῖσθαι
3452 4896 3534 4946 τὸν
3563 4892 3679 4947 ἁπό-

2143 4988 2334 5040 πλουν.
2368 4985 2554 5040 Ταῦτα
2598 4985 2654 5038 δὲ
2682 4985 2816 5055 αὑτῇ
2846 4986 3086 5054 εἴρηται,
3108 4985 3189 5039 ὅτι
3219 5002 3277 5038 τε
3316 4986 3624 5056 ὲπηγγὲλετο
3653 4985 3677 5032 ὁ

2145 5083 2318 5152 μέγας
2354 5080 2499 5146 δοὺξ,
2531 5081 2578 5132 εί
2609 5080 2744 5150 πρὸς
2782 5079 3122 5132 Μακεδονίαν
3163 5080 3518 5133 ἀποπλεύσειε
3550 5080 3672 5130 Κανο

2142 5173 2476 5243 τακουξηνὺν
2503 5171 2652 5236 ἄξειν
2683 5172 2990 5241 δεσμώτην,
3024 5171 3099 5235 ὡς
3140 5172 3479 5242 παραδώσειν
3521 5172 3670 5231 ἐπαγο

2146 5265 2436 5335 γελομένου
2460 5263 2676 5333 Κράλη,
2694 5263 2743 5314 εἱ
2768 5261 2899 5332 πρὸς
2918 5261 3082 5313 αὑτὸν
3109 5260 3359 5327 ἀφίκοιτο
3386 5256 3552 5317 αὑτ6;.
3578 5253 3668 5305 Καὶ

2140 5360 2224 5412 ὅτι
2257 5357 2464 5411 πολλῶν
2498 5356 2599 5427 ἤδη
2634 5354 2763 5428 τῶν.
2795 5353 2931 5421 πρὸς
2985 5352 3204 5421 βασιλέα
3254 5342 3667 5412 Καντακουζηνὺν

2143 5450 2252 5503 ὑπὸ
2281 5448 2358 5518 τῷ
2391 5447 2486 5500 τοῦ
2521 5445 2760 5514 πολέμου
2787 5444 2966 5513 χρόνῳ
2992 5442 3372 5510 γεγενημένων
3404 5434 3661 5508 δυσχερῶν.

2145 5541 2240 5593 καὶ
2269 5539 2368 5609 τῆς
2400 5555 2458 5590 τε
2486 5537 2695 5606 μητρὸς
2726 5534 3089 5603 δεσμωτηρίῳ
3118 5530 3556 5596 ἐναποθανούσης,
3586 5526 3662 5574 καὶ

2141 5631 2485 5703 Ἀνδρονίκου
2511 5628 2603 5682 τοῦ
2625 5627 2739 5682 υἱοῦ
2770 5627 2934 5698 πολὺν
2957 5625 3055 5696 ἢδη
3085 5625 3275 5695 χρόνον
3294 5623 3504 5691 δεσμοῖς
3517 5631 3660 5686 τρισ-

2141 5722 2688 5790 ταλαιπωρήσαντος,
2713 5719 2824 5783 ⁹καὶ,
2875 5716 3010 5787 ἄλλῃ
3045 5715 3286 5768 κακώσει
3318 5711 3590 5784 χρημάτων
3610 5719 3657 5756 τε

2146 5815 2388 5885 ἀπείρων
2436 5813 2831 5884 ἡρπασμένων,
2874 5811 2967 5863 καὶ
3006 5807 3214 5862 πολλῶν
3258 5793 3468 5861 ἀτόπων
3511 5799 3657 5855 ἄλλων
