3962 6640
341 515 477 583 ιοει
1124 486 1127 491 λ
1474 524 1920 589 HISTORIARI

2020 530 2023 588 :
2065 530 2309 595 LIBER
2350 533 2469 595 nr.
2975 577 2983 584 .
3090 498 3099 509 '
3454 524 3597 591 10:2
3684 512 3689 515 “

338 634 536 692 ἔλασεν
572 633 761 699 αὐτὸς,
815 633 989 701 ἄλλως
1043 655 1105 693 τε
1147 639 1243 695 καὶ
1301 640 1411 696 τῶν
1473 642 1912 712 ὑπολειφθέντων

2020 659 2274 716 praeterea
2328 618 2595 705 immensa
2646 649 2880 720 quadam
2941 643 3235 701 formidine
3301 644 3586 710 attonitos,

342 726 547 797 χρονίῳ
573 742 633 779 τε
676 727 942 800 στρατείᾳ
990 730 1589 803 τεταλαιπωρηκότων
1621 729 1764 804 ἦσαν
1806 733 1917 803 γὰρ

344 818 510 872 πλέον
536 817 570 889 ἢ
596 817 718 872 δυσὶ
751 820 1021 891 πρότερον
1059 823 1195 893 μησὶ
1225 823 1415 897 Κράλῃ
1447 825 1708 897 ἑπόμενοι
1737 840 1914 895 στρα-

340 909 660 979 τευομένῳ·
692 909 868 974 ἄλλως
894 927 955 964 τε
987 912 1082 969 καὶ
1128 913 1240 967 δέει
1263 914 1479 985 ἀσχέτῳ
1513 915 1914 985 κατεχομένων,

340 1003 440 1075 καὶ
468 1001 799 1071 νομιζόντων
824 1003 925 1056 οὐκ
951 1004 1036 1067 είς
1081 1006 1326 1077 Θρᾴκην,
1371 1005 1489 1060 ἀλλ’
1518 1007 1600 1070 είς
1663 1005 1918 1076 Πάρθους

342 1095 380 1163 ἢ
421 1093 614 1157 Ἰνδοὺς
645 1094 1063 1165 στρατεύεσθαι,
1096 1096 1225 1151 ὅθεν
1270 1098 1371 1151 οὐκ
1424 1096 1644 1163 ἐξέσται
1696 1093 1915 1171 μηχανῇ

344 1185 579 1255 οὐδεμιᾷ
633 1184 816 1239 οἴκαδε
858 1186 1202 1254 ἐπανελθεῖν,
1237 1190 1331 1242 καὶ
1375 1189 1467 1243 διὰ
1516 1188 1676 1243 τοῦτο
1710 1174 1802 1243 καὶ
1832 1189 1919 1243 ἶπ-

338 1292 483 1339 ,πους
528 1275 1014 1347 πολεμιστηρίους,
1081 1280 1179 1332 καὶ
1223 1280 1384 1347 ὅπλα,
1416 1279 1510 1334 καὶ
1541 1281 1597 1334 ετ
1619 1297 1673 1333 τι
1721 1279 1919 1349 ἐπεφέ-

345 1383 504 1436 ροντο
532 1369 801 1439 χρήσιμον
836 1369 972 1442 πρὸς
1013 1359 1106 1424 τδν
1139 1370 1399 1443 πόλεμον,
1451 1372 1637 1426 οίκαδε
1664 1373 1919 1442 ἀποπεμ-

348 1460 580 1524 πόντων,
625 1460 717 1513 ῐνα
772 1459 945 1515 ταῦτα
977 1460 1110 1528 γοῦν
1137 1465 1256 1525 τοῖς
1303 1465 1493 1518 παισὶν
1536 1462 1914 1533 ὑπολειφθείη,

342 1552 420 1613 ὡς
444 1552 670 1604 ἐκείνων
692 1550 1081 1621 ἀπολουμένων
1102 1553 1345 1618 πάντωςο
1370 1554 1544 1609 ταῦτα
1572 1555 1637 1625 δὴ
1673 1554 1919 1625 συνορῶν

345 1645 377 1694 ὁ
412 1642 684 1713 βασιλεὺς,
738 1646 834 1698 καὶ
886 1643 1210 1713 βουλόμενος
1267 1645 1348 1708 είς
1401 1645 1784 1715 Διδυμότειχον
1841 1645 1917 1715 μὴ

271 1754 279 1763 ’
345 1735 521 1797 οὕτως
557 1733 853 1802 ἀφικέσθαι
883 1734 1142 1805 ἀσθενὴς,
1178 1734 1311 1789 ὥσθ’
1341 1736 1446 1790 dub
1477 1737 1793 1800 Βυζαντίων
1822 1739 1918 1792 καὶ

338 1829 507 1891 αὐτὸς
535 1826 953 1897 πολιορκεῖσθαι
974 1842 991 1858 ’
1025 1826 1140 1879 οὔτ’
1172 1829 1325 1898 αὐτῷ
1351 1829 1463 1899 γὰρ
1491 1827 1616 1882 οὕτε
1644 1832 1761 1891 τοῖς
1789 1845 1917 1883 συν-

2017 754 2123 794 nee
2170 739 2227 795 in
2279 739 2593 805 Thraciam,
2621 754 2810 796 verum
2859 737 2927 794 ad
2969 737 3202 795 Parthos
3261 745 3357 790 aut
3401 734 3586 802 ludos,

2019 831 2166 887 unde
2201 833 2370 888 nullis
2402 835 2617 889 artibus
2650 847 2890 902 unquam
2926 830 2993 886 ad
3045 830 3251 899 patrios
3301 829 3445 883 lares
3503 840 3589 881 re-
3652 880 3656 885 .

2017 923 2219 996 pedare
2259 932 2501 993 possent,
2535 924 2829 979 militatum
2865 936 2924 979 se
2954 919 3228 992 proﬁcisci
3254 918 3589 975 arbitrantes

2019 1019 2206 1087 (quam
2241 1015 2313 1070 ob
2345 1030 2562 1070 causam
2592 1026 2648 1070 et
2675 1029 2850 1085 equos
2891 1012 3181 1074 militares,
3232 1019 3288 1066 et
3322 1024 3500 1074 arma,
3529 1014 3582 1065 et

2018 1110 2064 1164 si
2105 1108 2237 1179 quid
2269 1108 2415 1163 aliud
2467 1107 2676 1163 militia:
2722 1105 2983 1161 idoneum
3017 1102 3330 1174 portabant,
3362 1104 3586 1157 domum

2019 1215 2061 1253 rt
2083 1199 2395 1261 mittebant,
2435 1207 2495 1253 ut
2532 1197 2670 1268 ipsis
2719 1195 2947 1251 omnino
2976 1193 3260 1266 perituris,
3298 1207 3363 1248 ea
3395 1192 3587 1248 saltem

2018 1289 2123 1346 sibi
2171 1290 2436 1345 baberent
2468 1288 2694 1358 liberi);
2744 1286 2884 1350 haec,
2944 1285 3190 1355 inquam,
3242 1282 3590 1340 animadver-

2021 1388 2144 1436 tens
2170 1379 2495 1450 imperator,
2528 1380 2834 1448 noleusque
2862 1377 3305 1448 Didymoticbum
3324 1375 3405 1431 sic
3433 1371 3585 1428 inﬁr-

2018 1488 2143 1527 mus
2184 1472 2472 1537 accedere,
2504 1479 2567 1524 ut
2593 1470 2712 1540 ipse
2743 1484 2966 1538 quoque
2999 1483 3032 1523 a
3063 1466 3343 1539 Byzantiis
3369 1464 3590 1521 obside-

2018 1568 2350 1633 retur(nee
2409 1563 2556 1619 enim
2607 1546 2710 1617 sibi
2766 1562 2989 1630 suisque
3018 1560 3073 1615 id
3105 1558 3339 1622 multum
3396 1554 3592 1627 profu-

2019 1657 2253 1727 turum),
2289 1656 2358 1712 ad
2381 1656 2594 1713 Cralem
2623 1654 2807 1710 redire
2826 1662 2877 1710 et
2911 1668 2942 1709 a
2963 1652 3125 1709 Craie
3165 1651 3448 1708 sufﬁciens
3492 1665 3589 1704 au-

2014 1748 2209 1803 xilium
2265 1756 2451 1817 petere
2493 1745 2773 1817 cogitavit,
2830 1752 2891 1801 ut
2942 1760 3070 1801 cum
3135 1741 3582 1814 Didymoticbum

2017 1840 2280 1903 venisset,
2333 1838 2589 1894 hostibus
2634 1836 2853 1902 terrori,
2881 1852 2992 1892 non
3032 1834 3374 1904 contemptui
3421 1840 3585 1890 esset.

338 1920 463 1973 οὖσι
499 1917 657 1973 τοῦτο
682 1918 917 1988 μάλιστα
938 1920 1249 1995 συνοίσειν
1284 1920 1553 1990 ἔσκεψατο
1583 1922 1665 1984 είς
1690 1921 1915 1993 Κράλην

2020 1929 2434 1997 Communjcata
2460 1945 2529 1984 re
2574 1942 2702 1985 cum
2762 1928 3042 1992 Romanis,
3096 1941 3292 1983 omnes
3317 1925 3470 1981 velut
3518 1924 3589 1981 de

341 2011 733 2081 ἀναστρέφειν,
778 2012 874 2065 καὶ
903 2013 1171 2082 στρατιὰν
1216 2011 1516 2084 ἀξιόχρεων
1544 2015 1737 2078 αίτείν,
1770 2014 1913 2069 ὥστε

341 2106 429 2168 είς
484 2103 867 2172 Διδυμότειχον
909 2104 1142 2174 φοϐερὸν
1195 2107 1309 2168 τοῖς
1349 2106 1637 2174 πολεμίοις
1689 2106 1916 2161 ὲλθόντα

343 2192 513 2263 εἷναι,
543 2195 679 2249 ἀλλά
715 2195 793 2265 μὴ
836 2196 1304 2266 καταφρονεῖσθαι
1339 2197 1427 2251 διὰ
1461 2198 1562 2269 τὴν
1589 2197 1913 2269 ἀδυναμίαν.

355 2287 510 2341 Ἐπεὶ
534 2286 592 2339 δι
625 2285 724 2340 καὶ
766 2289 888 2349 τοῖς
923 2286 1145 2340 συνοῦσι
1180 2287 1476 2355 Ῥωμαίοις
1502 2287 1781 2342 ἐκοινοῦτο
1815 2288 1917 2360 τὴν

336 2377 564 2447 βουλὴν,
597 2378 800 2439 πάντες
825 2376 1014 2445 ὥσπερ
1044 2381 1108 2430 ὲκ
1134 2377 1480 2449 συνθήματος
1506 2382 1689 2434 πάντα
1714 2381 1917 2450 μᾶλλον

340 2470 553 2539 ἔφασαν
586 2468 864 2538 αἱρεῖσθαι
917 2469 1234 2538 ὑπομένειν,
1287 2471 1383 2523 καὶ
1414 2472 1625 2540 μυρίων
1671 2469 1917 2525 θανάτων

342 2561 719 2633 κατατολμᾷν,
752 2563 787 2633 ἢ
824 2562 907 2622 είς
935 2561 1034 2633 τὴν
1063 2565 1168 2633 γῆν
1196 2561 1353 2625 αὖθις
1383 2548 1749 2632 ἀναστρέφειν
1782 2564 1917 2635 Τρι-

341 2653 545 2707 σαλῶν.
579 2654 654 2706 Οὐ
691 2655 803 2722 γὰρ
833 2652 1084 2723 ενόμιζον
1131 2656 1214 2717 είς
1241 2654 1350 2723 γῆν
1380 2655 1749 2725 πορεύσεσθαι
1783 2655 1919 2727 ἡλίῳ

340 2744 858 2815 περιλαμπομένην,
912 2744 1006 2797 καὶ
1057 2743 1166 2798 ὑπὸ
1212 2743 1517 2815 ἀνθρώπων
1568 2746 1916 2817 οἰκουμένην,

341 2838 463 2891 ἀλλ’
504 2839 584 2902 είς
643 2836 772 2909 ᾁδου
825 2836 1174 2907 κευθμῶνας,
1217 2838 1314 2891 καὶ
1359 2837 1573 2908 νεκρῶν
1606 2837 1915 2910 διατριϐὰς,

340 2934 435 2984 καἱ
466 2930 596 2985 ἀλλο
633 2931 694 2983 εί
721 2947 776 2984 τι
824 2930 1277 3001 δυσχερέστερον.
1318 2929 1496 2984 Πολλά
1542 2930 1601 2983 δὲ
1653 2930 1917 3001 βασιλέως

344 3024 763 3094 παραινοῦντος,
797 3023 875 3086 ὡς
914 3022 1122 3094 ’βελτίω
1175 3023 1271 3076 καὶ
1322 3023 1745 3095 λυσιτελέστερα
1794 3024 1920 3094 βου-ι

340 3114 558 3167 λεύοιτο
592 3116 683 3179 καὶ
709 3115 968 3184 δεομένου
994 3115 1306 3177 πείθεσθαι,
1329 3114 1440 3169 οὐδ’
1462 3116 1650 3187 ἄκροις
1681 3114 1917 3186 παρεδέο

343 3223 507 3276 χοντο
554 3206 713 3267 ὠσὶν,
771 3207 941 3259 ἀλλάο
973 3205 1135 3261 πάνθ’
1181 3208 1286 3261 ὅσα
1342 3207 1408 3261 ἄν
1446 3224 1525 3269 τις
1574 3208 1720 3259 εἴποι
1767 3207 1916 3261 δεινὰ

2014 2035 2297 2098 compacto
2351 2028 2711 2092 quaecunque
2753 2018 2934 2088 potius
2989 2032 3052 2074 se
3120 2028 3501 2086 perpessuros.
3530 2024 3590 2068 et

2014 2116 2165 2171 mille
2190 2113 2460 2169 mortibus
2497 2118 2663 2181 caput
2682 2108 3025 2179 obiecturus,
3064 2120 3229 2176 quam
3255 2104 3322 2159 ad
3371 2103 3592 2160 Tribal-

2014 2209 2098 2266 los
2136 2208 2413 2265 redituros
2440 2204 2860 2261 confirmarunt.
2911 2201 3033 2257 Non
3087 2200 3237 2256 enim
3263 2198 3329 2254 ad
3384 2208 3584 2253 terram

2014 2318 2137 2373 quae
2172 2299 2302 2356 solis
2330 2298 2500 2353 radiis
2533 2295 2851 2360 vestiretur,
2876 2301 2932 2348 et
2968 2293 3038 2348 ab
3061 2290 3383 2348 hominibus
3436 2290 3588 2344 inco-

2016 2396 2245 2459 leretur,
2314 2391 2411 2446 sed
2460 2388 2528 2447 ad
2564 2386 2865 2443 inferorum
2912 2385 3102 2448 valles.
3151 2382 3431 2453 vitamque
3459 2396 3585 2438 cum

2017 2481 2253 2539 mortuis
2310 2479 2603 2551 agendam,
2659 2485 2716 2532 et
2745 2475 2790 2530 si
2821 2474 2954 2543 quid
2999 2472 3331 2529 inammnius
3383 2486 3447 2527 ac
3494 2470 3592 2525 tri-

2017 2570 2158 2626 stius
2191 2576 2297 2634 est,
2334 2583 2397 2623 se
2420 2578 2740 2621 reversuros
2777 2561 3092 2616 credebant.
3154 2560 3459 2630 impensius
3486 2574 3592 2614 au-

2020 2672 2128 2718 tem
2164 2660 2419 2715 hortante
2469 2658 2817 2726 imperatore,
2867 2663 2927 2708 ut
2958 2652 3158 2708 melius
3194 2662 3252 2707 et
3282 2651 3474 2706 utilius
3505 2665 3593 2705 sa-

2020 2766 2148 2822 pere
2175 2750 2419 2812 “vellent,
2471 2756 2809 2819 roganteque
2868 2750 2924 2799 ut
2983 2751 3265 2814 parerent,
3298 2756 3394 2797 eas
3426 2755 3591 2795 voces

2019 2841 2247 2897 auribus
2277 2847 2614 2900 aversantes,
2638 2835 2818 2892 omnia
2845 2834 3030 2904 gravia
3055 2850 3177 2907 qua:
3199 2833 3308 2888 dici
3337 2841 3588 2903 possunt,

2019 2936 2201 2992 isthoe
2224 2935 2287 2995 .in
2313 2930 2585 2986 Triballos
2626 2928 2802 2983 reditu
2839 2927 3049 2983 leviora
3092 2915 3384 2981 ducebant.
3418 2925 3593 2995 Impe-

2020 3041 2171 3085 rator
2199 3041 2326 3082 cum
2374 3023 2684 3095 periculum
2716 3039 2828 3079 non
2863 3022 3142 3077 modicum
3176 3020 3513 3091 provideret,
3541 3019 3589 3076 si

2020 3122 2137 3179 suis
2171 3130 2279 3177 tam
2306 3120 2511 3188 'parum
2545 3116 2806 3187 frugifera
2846 3114 3220 3179 volventibus,
3255 3123 3310 3169 et
3345 3122 3450 3168 tam
3501 3113 3589 3168 in-

2019 3213 2275 3271 consulto
2309 3208 2531 3281 aggredi
2562 3207 2888 3277 parantibus
2911 3206 3337 3275 obsequeretur,
3369 3213 3429 3259 et-
3457 3204 3589 3273 quid

346 3298 695 3370 φορητότερα
735 3298 991 3366 ἡγοῦντο,
1035 3299 1067 3369 ἢ
1115 3300 1195 3362 είς
1227 3298 1532 3368 Τρισαλοὺς
1583 3297 1741 3362 αὖθις
1787 3299 1915 3353 ἀνα-

2020 3316 2205 3379 ageret
2238 3304 2498 3368 nesciret,
2532 3301 2977 3371 quandoquidem
3002 3299 3223 3355 ﬁectcre
3255 3299 3457 3354 milites
3481 3314 3587 3352 non

347 3391 626 3463 στρέφειν.
660 3391 928 3455 Βασιλεὺς
954 3392 1033 3454 δὲ,
1068 3391 1160 3443 τόν
1185 3407 1247 3444 τε
1274 3391 1517 3444 κίνδυνον
1555 3390 1718 3460 δρῶν,
1748 3391 1824 3451 ὡς
1855 3391 1918 3445 οὐ

350 3485 545 3556 μικρὸς
576 3486 639 3537 ἐκ
666 3484 764 3537 τοῦ
788 3483 1075 3538 πείθεσθαι
1102 3485 1216 3548 τοῖς
1254 3483 1505 3536 συνοῦσιν
1531 3482 1702 3546 οὕτως
1732 3483 1921 3537 ἀλυσι-

343 3575 495 3647 stiti].
525 3577 621 3628 καὶ
661 3574 1070 3644 βουλευομένοις
1114 3576 1210 3627 καὶ
1254 3576 1517 3643 πραττειν
1571 3572 1672 3643 ήδη
1729 3572 1921 3643 ὡρμη-

350 3668 536 3737 μένοις
566 3666 885 3736 ἀλογίστως,
921 3667 951 3718 ὅ
998 3665 1052 3718 τί
1083 3681 1140 3718 τε
1167 3667 1434 3737 χρήσαιτο
1455 3665 1572 3727 τοῖς
1599 3654 1919 3735 πράγμασίν

344 3759 449 3811 οὐκ
496 3757 655 3828 ἔχων,
692 3758 802 3811 τῶν
842 3754 1435 3823 συνόντων,πείθεσθαι
1475 3756 1551 3827 μὴ
1579 3755 1917 3824 δυναμένων,

346 3851 617 3920 πρότερον
666 3850 854 3912 αὐτοῖς
920 3848 1094 3902 πολλά
1161 3845 1486 3917 διαλεχθεὶς,
1540 3849 1639 3901 καὶ¹
1690 3846 1922 3917 φανερὸν

350 3942 607 4010 ποιήσας,
632 3939 708 4003 ὡς
740 3939 830 3993 διὰ
858 3940 962 4009 τὴν
1001 3938 1182 3993 αὐτῶν
1215 3937 1588 4009 μικροψυχίαν
1630 3937 1723 3991 καὶ
1759 3937 1922 3991 ἀϐου-

348 4034 471 4087 λίαν
522 4031 716 4097 ἀνάξια
764 4030 984 4095 ἑαυτοῦ,
1037 4034 1134 4084 καὶ
1183 4029 1282 4097 τῆς
1314 4030 1651 4099 στρατηγίας
1683 4028 1780 4082 καὶ
1823 4029 1921 4103 τῆς

351 4124 547 4196 πείρας
583 4126 836 4193 πράττει,
868 4121 1113 4174 ἐπείθετό
1138 4137 1206 4189 τε
1236 4120 1386 4174 ἄκων
1421 4120 1604 4183 αὐτοῖς
1644 4119 1782 4189 πρὸς
1822 4120 1920 4191 τὴν

352 4221 571 4293 βουλὴν,
622 4224 717 4274 καὶ
763 4216 1161 4289 παρεκελεύετο
1206 4217 1462 4290 θαρρεῖν,
1513 4217 1590 4279 ὡς
1637 4215 1731 4269 τοῦ
1784 4215 1920 4269 Θειῦ

351 4310 821 4383 προστησομένου,
870 4309 1060 4379 ὥσπερ
1110 4309 1174 4378 δὴ
1211 4310 1305 4361 καὶ
1348 4308 1538 4361 ἄλλοτε
1571 4305 1832 4370 πολλάκις
1862 4306 1921 4357 ἐν

352 4406 626 4468 κινδύνοις
682 4404 744 4455 οὑ
800 4404 1038 4473 μικροῖς,
1086 4403 1178 4455 καὶ
1231 4402 1439 4471 εἴχοντο
1478 4400 1621 4455 ὀδοῦ.
1673 4398 1830 4452 Ἐπεὶ
1865 4399 1921 4451 δὲ

349 4494 495 4569 ἦσαν
527 4492 981 4563 Χριστουπόλεως
1032 4493 1093 4544 οὐ
1151 4493 1401 4562 μακρὰν,
1465 4490 1920 4560 περιτυγχάνουσι

359 4583 774 4643 ’ίάκυδυτοῦντι
801 4585 867 4637 ἐκ
906 4583 1288 4653 Διδυμοτείχου
1320 4582 1646 4655 ἀφιγμένῳ,
1682 4582 1741 4646 ὃς
1775 4599 1920 4653 παρ-
1973 4572 1989 4611 ⁸

2021 3408 2257 3474 poterat,
2293 3397 2462 3452 multa
2509 3395 2787 3465 praefatus,
2838 3392 3041 3471 quibus
3092 3392 3313 3463 planum
3350 3391 3499 3453 fecit,
3531 3406 3591 3446 se

1996 3501 2246 3566 prepter
2294 3489 2507 3544 illorum
2558 3486 2810 3540 imbelles
2854 3485 3070 3540 animos
3117 3492 3174 3539 et
3200 3482 3587 3546 temeritatem,

2023 3587 2247 3656 indigna
2296 3595 2400 3636 suo
2451 3580 2694 3640 nomine,
2728 3577 3164 3647 auctoritateque
3216 3575 3589 3645 imperatoria,

1994 3689 2077 3734 -et
2113 3692 2213 3732 usu
2275 3671 2502 3729 militari
2556 3669 2926 3733 committere,
2960 3683 3156 3724 eorum
3205 3666 3479 3723 desiderio
3511 3666 3597 3720 in-

2022 3770 2169 3824 vitus
2226 3764 2463 3835 paruit,
2498 3761 2820 3821 cohortaris.
2880 3762 2958 3814 uti
3014 3758 3127 3815 Deo
3182 3759 3434 3824 ﬁderent,
3496 3755 3592 3826 qui

2022 3856 2301 3929 quomodo
2342 3853 2577 3908 antehac
2630 3867 2774 3921 saepe
2825 3850 2881 3905 in
2926 3849 3190 3918 periculis
3240 3864 3349 3903 non
3386 3849 3591 3917 parvis,

2025 3958 2266 4005 tutorem
2312 3962 2371 4001 se
2426 3943 2761 4014 praebiturus
2819 3949 2987 3997 esset.
3026 3940 3209 4010 Atque
3263 3940 3352 3995 his
3403 3938 3591 4000 dictis,

2023 4049 2204 4109 empto
2240 4037 2438 4101 itinere
2485 4041 2867 4104 perrexerunt.
2916 4032 3036 4088 Non
3091 4032 3251 4101 longe
3284 4047 3317 4109 α
3343 4029 3593 4085 Christo-

2021 4131 2132 4202 poli
2168 4130 2223 4183 in
2251 4127 2491 4199 peditem
2525 4124 2989 4197 llltacidytuntem
3016 4122 3303 4185 vocabulo,
3341 4121 3597 4192 Didyme--

2025 4223 2171 4277 ticlro
2202 4235 2326 4275 cum
2374 4218 2573 4273 litteris
2599 4216 2667 4272 ab
2700 4214 3050 4285 imperatrice
3107 4229 3275 4268 uxore
3314 4219 3370 4266 et
3410 4211 3596 4281 prarsi-

2023 4314 2116 4369 dio
2148 4312 2216 4371 ad
2247 4313 2632 4380 imperatorem
2665 4309 2890 4363 missum
2933 4305 3184 4362 incidunt
3218 4322 3231 4357 :
3279 4304 3482 4374 quibus
3507 4302 3598 4357 lit-

2024 4408 2157 4463 teris
2189 4419 2317 4461 eum
2364 4402 2751 4466 admonebant,
2787 4409 2950 4455 caute
2987 4408 3195 4470 ageret,
3222 4405 3282 4453 et
3305 4412 3374 4453 ue
3404 4396 3596 4451 incon-

2022 4502 2257 4557 siderate
2286 4498 2354 4554 ad
2400 4513 2496 4555 eos
2543 4496 2778 4561 veniret,
2814 4494 2921 4551 nisi
2977 4496 3220 4565 magnas
3253 4500 3441 4562 totque
3489 4490 3595 4544 bo-

2022 4594 2199 4649 stibus
2252 4605 2414 4661 pares
2445 4589 2631 4659 copias
2682 4586 3003 4643 adduceret.
3036 4585 3397 4655 Palaeologum
3447 4581 3596 4638 enim

346 4683 462 4751 εἶχε
490 4678 796 4748 γράμματα
830 4675 1044 4747 βασιλεῖ
1073 4677 1225 4744 παρὰ
1262 4673 1535 4743 βασιλίδος
1585 4676 1685 4744 τῆς
1730 4691 1918 4743 γυναι⁶

2029 4691 2480 4754 protostratorem
2512 4695 2635 4733 eum
2669 4678 2915 4749 peditatu
2945 4675 3110 4748 535
3132 4685 3190 4731 et
3213 4676 3458 4745 equitatu
3485 4687 3597 4727 non

348 4775 467 4839 κὸς,
496 4770 596 4825 καὶ
639 4769 749 4822 τῶν
791 4768 968 4823 ἄλλων
1010 4769 1121 4820 τῶν
1151 4769 1209 4819 ἰν
1241 4765 1628 4837 Διδυμοτείχῳ,
1661 4765 1925 4834 φυλάττε-

348 4866 480 4919 σθαι
532 4859 947 4933 παραινοῦντα,
1004 4859 1100 4910 καὶ
1157 4857 1234 4929 μὴ
1289 4850 1715 4926 ἀπερισκέπτως
1789 4855 1925 4925 πρὸς

350 4956 552 5019 αὖτοὺς
609 4956 835 5025 χωρεῖν,
872 4954 921 5005 εί
974 4951 1048 5022 μὴ
1082 4950 1312 5019 δύναμιν
1360 4948 1485 5017 ἄγει
1529 4948 1794 5019 μεγάλην,
1831 4948 1926 5001 καὶ

348 5048 492 5119 πρὸς
544 5044 820 5107 τοιούτους
869 5043 1167 5113 ἀξιόχρεων
1204 5041 1520 5110 πολεμίους.
1566 5041 1927 5111 Πρωτοστρά-

349 5157 469 5211 τωρ
485 5139 596 5208 γὰρ
612 5140 639 5191 ό
664 5135 1053 5203 Παλαιολόγος,
1073 5135 1273 5205 πολλὴν
1294 5135 1446 5203 ἄγων
1467 5134 1732 5205 στρατιὰν
1753 5133 1926 5202 πεζήν

350 5251 413 5287 τε
470 5232 565 5285 καὶ
599 5230 832 5300 ἱππικὴν
863 5230 921 5282 ὲν
952 5228 1301 5299 Περιθεωρίῳ
1337 5225 1923 5296 στρατοπεδευόμενος,

346 5326 449 5396 τὴν
492 5320 660 5378 αὐτοῦ
692 5322 878 5391 ἄφιξιν
911 5323 1200 5393 περιμένει
1242 5322 1318 5387 ὡς
1356 5320 1724 5392 μαχούμενος.
1762 5319 1925 5372 Ἀπό-

348 5416 557 5485 καυχός
612 5432 671 5467 τε
708 5416 737 5468 ό
787 5413 1287 5486 παρακοιμώμενος
1349 5414 1491 5485 ἔχων
1545 5413 1924 5483 ἑϐδομήκοντα

341 5510 595 5579 τριήρεις
648 5510 707 5562 ἐν
766 5501 854 5569 αἷς
902 5506 1276 5561 κατέπλευσεν
1319 5508 1400 5571 είς
1446 5505 1793 5577 ’Δμφίττολιν,
1833 5506 1931 5571 ὲν-⁸

345 5599 531 5652 ταῦθα
570 5599 666 5652 καὶ
695 5598 862 5660 αὐτὸς
912 5600 1183 5668 ὲφορμεῖ·
1220 5598 1348 5668 περὶ
1372 5591 1448 5653 ὧν
1479 5597 1596 5652 δέον
1634 5595 1926 5665 βουλευσά-

350 5707 516 5763 μενον
568 5691 735 5743 αὐτδν
762 5694 1047 5759 πράττειν,
1091 5690 1120 5743 ὃ
1187 5707 1241 5742 τι
1290 5690 1355 5742 ἂν
1403 5690 1534 5759 δοκῇ
1595 5688 1920 5758 συμφέρειν.

343 5780 672 5849 Σδμσέῦηκε
705 5781 763 5834 δέ
791 5800 844 5835 τι
874 5781 1003 5850 περὶ
1031 5780 1102 5834 τὰ
1131 5782 1436 5852 γράμματα
1494 5781 1680 5833 ἐκεῖνα
1709 5778 1924 5847 θαυμα-

347 5874 481 5926 στδιν
529 5873 626 5926 xui.
677 5876 775 5947 τῆς
821 5875 958 5929 Θεοῦ
1008 5880 1139 5946 περὶ
1185 5877 1276 5929 τὸν
1319 5874 1547 5946 βασιλέα
1594 5873 1922 5945 κηδεμονίας

334 5966 623 6039 ﬁge-.296);
660 5967 748 6033 Ὠς
777 5968 884 6041 γὰρ
925 5971 981 6021 ἐν
1016 5969 1294 6040 Βυζαντίῳ
1324 5968 1592 6041 ἐμηνύθη,
1634 5968 1708 6030 ὡς
1755 5985 1917 6023 swa-

2025 4773 2291 4830 medioeri
2342 4771 2411 4826 ad
2451 4769 2863 4826 l’eritbeorium
2920 4769 3134 4829 sedere,
3185 4776 3242 4822 et
3300 4766 3594 4819 adventum

2024 4866 2146 4935 ejus
2176 4863 2243 4918 ad
2280 4860 2684 4933 confligendum
2714 4868 3054 4929 exspectare.
3111 4856 3190 4912 ibi
3237 4857 3404 4912 etiam
3452 4855 3599 4923 Apo-

2024 4954 2291 5011 eaucbum
2322 4968 2447 5008 cum
2477 4952 2798 5007 triremibus
2844 4947 3211 5020 septuaginta,
3236 4945 3441 5017 quibus
3463 4943 3607 4998 Am--

2026 5045 2291 5116 pltipolim
2335 5038 2705 5113 navigaverat,
2757 5042 2815 5097 in
2872 5049 3035 5111 portu
3071 5048 3238 5102 stare,
3291 5036 3361 5092 de
3394 5034 3598 5105 quibus

2024 5154 2186 5212 capto
2217 5137 2453 5194 consilio
2489 5136 2671 5192 facere
2701 5134 2921 5199 debeat,
2955 5130 3102 5202 quod
3139 5128 3402 5201 prodesse
3436 5125 3595 5182 vide~

2024 5233 2195 5287 bitur.
2225 5230 2381 5286 Circa
2425 5229 2640 5284 litteras
2679 5235 2863 5281 autem
2923 5225 3044 5280 illas
3068 5220 3394 5278 admirabile
3435 5217 3599 5289 quid-

2026 5325 2195 5396 piam,
2230 5333 2287 5380 et
2317 5340 2480 5393 quam
2523 5321 2823 5391 imperator
2875 5319 2987 5373 Deo
3023 5330 3168 5371 cura:
3207 5322 3372 5382 esset,
3422 5311 3602 5369 mani-
3660 5321 3667 5327 '

2023 5417 2223 5472 festum
2257 5416 2518 5471 indicium
2554 5413 2758 5469 evenit.
2794 5412 2864 5468 Ut
2898 5411 3045 5466 enim
3077 5409 3323 5482 Byzantii
3385 5406 3601 5463 intelle-

2025 5522 2175 5566 ctum
2201 5516 2304 5570 est.
2329 5510 2504 5578 ipsum
2534 5520 2662 5561 cum
2690 5502 2929 5560 exercitu
2960 5518 3029 5557 ex
3058 5500 3314 5557 Triballis
3337 5500 3599 5572 Didymo-

2029 5606 2237 5661 tichum
2264 5604 2552 5664 revenire;
2589 5611 2648 5657 et
2687 5607 3055 5671 protostrator
3089 5598 3406 5653 universum
3440 5596 3601 5667 pedi-

2031 5708 2203 5752 tatum
2257 5695 2678 5765 equitatumque
2710 5692 2941 5753 ducens,
2982 5690 3196 5761 magnis
3232 5691 3424 5760 utique
3468 5701 3601 5743 cum

2028 5789 2241 5843 viribus
2277 5788 2678 5843 Peritbeorium
2718 5784 2944 5841 devenit
2974 5802 2988 5853 ;
3015 5792 3077 5840 et
3106 5783 3469 5855 Apocauclius
3498 5795 3601 5834 eo-

2028 5881 2152 5934 dem
2208 5879 2522 5949 Amphipoli
2556 5893 2680 5933 cum
2727 5878 3073 5949 septuaginta
3128 5876 3359 5933 navibus
3396 5872 3597 5927 eadem

2027 5972 2095 6026 «lc
2141 5984 2303 6025 causa
2355 5968 2637 6041 appulsus,
2688 5982 2811 6026 cum
2862 5968 2995 6024 aliis
3044 5966 3216 6038 copiis
3260 5964 3365 6020 sibi
3412 5975 3603 6028 exsic-
