  <div class='ocr_page' id='page_1' title='image "/cluster/home/n/w/nwhite01/storage/ocr_20150623/153/hvd.32044019208412/541.png"; bbox 0 0 3962 6584; ppageno 0'>
   <div class='ocr_carea' id='block_1_1' title="bbox 485 413 624 481">
    <p class='ocr_par' dir='ltr' id='par_1_1' title="bbox 485 413 624 481">
     <span class='ocr_line' id='line_1_1' title="bbox 485 413 624 481; baseline -0.022 0"><span class='ocrx_word' id='word_1_1' title='bbox 485 413 624 481; x_wconf 81' lang='grc' dir='ltr'><strong>1οἐ3</strong></span> 
     </span>
    </p>
   </div>
   <div class='ocr_carea' id='block_1_2' title="bbox 1667 416 2555 491">
    <p class='ocr_par' dir='ltr' id='par_1_2' title="bbox 1667 416 2555 491">
     <span class='ocr_line' id='line_1_2' title="bbox 1667 416 2555 491; baseline 0 -13"><span class='ocrx_word' id='word_1_2' title='bbox 1667 416 1990 479; x_wconf 74' lang='lat' dir='ltr'><strong>JOANNIS</strong></span> <span class='ocrx_word' id='word_1_3' title='bbox 2029 417 2555 491; x_wconf 70' lang='lat' dir='ltr'><strong>CANTACUZENI</strong></span> 
     </span>
    </p>
   </div>
   <div class='ocr_carea' id='block_1_3' title="bbox 3594 421 3715 494">
    <p class='ocr_par' dir='ltr' id='par_1_3' title="bbox 3594 421 3715 494">
     <span class='ocr_line' id='line_1_3' title="bbox 3594 421 3715 494; baseline -0.008 -9"><span class='ocrx_word' id='word_1_4' title='bbox 3594 421 3715 494; x_wconf 63' lang='grc' dir='ltr'><strong>Ῑῦὲι</strong></span> 
     </span>
    </p>
   </div>
   <div class='ocr_carea' id='block_1_4' title="bbox 475 529 2044 608">
    <p class='ocr_par' dir='ltr' id='par_1_4' title="bbox 475 529 2044 605">
     <span class='ocr_line' id='line_1_4' title="bbox 475 529 2044 605; baseline 0.003 -23"><span class='ocrx_word' id='word_1_5' title='bbox 475 529 760 593; x_wconf 78' lang='lat' dir='ltr'><strong>etandum.</strong></span> <span class='ocrx_word' id='word_1_6' title='bbox 792 530 1136 604; x_wconf 73' lang='lat' dir='ltr'><strong>reditumque</strong></span> <span class='ocrx_word' id='word_1_7' title='bbox 1193 534 1539 605; x_wconf 78' lang='lat' dir='ltr'><strong>imperatoris</strong></span> <span class='ocrx_word' id='word_1_8' title='bbox 1577 532 2044 596; x_wconf 72' lang='lat' dir='ltr'><strong>intercludendum</strong></span> 
     </span>
    </p>
   </div>
   <div class='ocr_carea' id='block_1_5' title="bbox 2143 529 3717 608">
    <p class='ocr_par' dir='ltr' id='par_1_5' title="bbox 2153 533 3717 608">
     <span class='ocr_line' id='line_1_5' title="bbox 2153 533 3717 608; baseline 0.004 -25"><span class='ocrx_word' id='word_1_9' title='bbox 2153 533 2275 586; x_wconf 78' lang='grc' dir='ltr'>τιὰν</span> <span class='ocrx_word' id='word_1_10' title='bbox 2301 533 2438 604; x_wconf 77' lang='grc' dir='ltr'>ἔχων</span> <span class='ocrx_word' id='word_1_11' title='bbox 2471 538 2535 588; x_wconf 83' lang='grc' dir='ltr'><strong>ἐκ</strong></span> <span class='ocrx_word' id='word_1_12' title='bbox 2562 534 2850 608; x_wconf 77' lang='grc' dir='ltr'>τριὸαλῶν</span> <span class='ocrx_word' id='word_1_13' title='bbox 2891 535 3144 605; x_wconf 78' lang='grc' dir='ltr'>βασιλεὺς</span> <span class='ocrx_word' id='word_1_14' title='bbox 3185 537 3214 590; x_wconf 99' lang='lat'><strong>6</strong></span> <span class='ocrx_word' id='word_1_15' title='bbox 3266 538 3717 606; x_wconf 64' lang='grc' dir='ltr'>Καντακουζηνδς</span> 
     </span>
    </p>
   </div>
   <div class='ocr_carea' id='block_1_6' title="bbox 477 623 2050 698">
    <p class='ocr_par' dir='ltr' id='par_1_6' title="bbox 477 623 2050 698">
     <span class='ocr_line' id='line_1_6' title="bbox 477 623 2050 698; baseline 0.004 -21"><span class='ocrx_word' id='word_1_16' title='bbox 477 625 712 679; x_wconf 84' lang='lat' dir='ltr'><strong>censuit.</strong></span> <span class='ocrx_word' id='word_1_17' title='bbox 737 623 1020 696; x_wconf 85' lang='lat' dir='ltr'><strong>Dispositis</strong></span> <span class='ocrx_word' id='word_1_18' title='bbox 1042 635 1222 682; x_wconf 89' lang='lat' dir='ltr'><strong>autem</strong></span> <span class='ocrx_word' id='word_1_19' title='bbox 1251 642 1348 698; x_wconf 92' lang='lat' dir='ltr'><strong>per</strong></span> <span class='ocrx_word' id='word_1_20' title='bbox 1373 629 1601 692; x_wconf 86' lang='lat' dir='ltr'><strong>viam,ut</strong></span> <span class='ocrx_word' id='word_1_21' title='bbox 1623 643 1740 682; x_wconf 89' lang='lat' dir='ltr'><strong>mos</strong></span> <span class='ocrx_word' id='word_1_22' title='bbox 1756 637 2050 694; x_wconf 90' lang='lat' dir='ltr'><strong>est,custo-</strong></span> 
     </span>
    </p>
   </div>
   <div class='ocr_carea' id='block_1_7' title="bbox 477 712 2048 791">
    <p class='ocr_par' dir='ltr' id='par_1_7' title="bbox 477 712 2048 791">
     <span class='ocr_line' id='line_1_7' title="bbox 477 712 2048 791; baseline 0.006 -24"><span class='ocrx_word' id='word_1_23' title='bbox 477 712 642 768; x_wconf 90' lang='lat' dir='ltr'><strong>dibus</strong></span> <span class='ocrx_word' id='word_1_24' title='bbox 682 715 748 770; x_wconf 90' lang='lat' dir='ltr'><strong>ad</strong></span> <span class='ocrx_word' id='word_1_25' title='bbox 779 715 1208 787; x_wconf 82' lang='lat' dir='ltr'><strong>intercipiendos</strong></span> <span class='ocrx_word' id='word_1_26' title='bbox 1233 721 1327 789; x_wconf 86' lang='lat' dir='ltr'><strong>qui</strong></span> <span class='ocrx_word' id='word_1_27' title='bbox 1374 720 1518 774; x_wconf 90' lang='lat' dir='ltr'><strong>inter</strong></span> <span class='ocrx_word' id='word_1_28' title='bbox 1542 721 2048 791; x_wconf 82' lang='lat' dir='ltr'><strong>Didymotichenses</strong></span> 
     </span>
    </p>
   </div>
   <div class='ocr_carea' id='block_1_8' title="bbox 476 805 2049 882">
    <p class='ocr_par' dir='ltr' id='par_1_8' title="bbox 476 805 2049 882">
     <span class='ocr_line' id='line_1_8' title="bbox 476 805 2049 882; baseline 0.006 -23"><span class='ocrx_word' id='word_1_29' title='bbox 476 814 533 860; x_wconf 90' lang='lat' dir='ltr'><strong>et</strong></span> <span class='ocrx_word' id='word_1_30' title='bbox 555 805 939 876; x_wconf 83' lang='lat' dir='ltr'><strong>imperatorem</strong></span> <span class='ocrx_word' id='word_1_31' title='bbox 964 820 1356 873; x_wconf 90' lang='lat' dir='ltr'><strong>commearent,</strong></span> <span class='ocrx_word' id='word_1_32' title='bbox 1383 813 1474 881; x_wconf 89' lang='lat' dir='ltr'><strong>qui</strong></span> <span class='ocrx_word' id='word_1_33' title='bbox 1504 812 1642 867; x_wconf 91' lang='lat' dir='ltr'><strong>hanc</strong></span> <span class='ocrx_word' id='word_1_34' title='bbox 1668 813 1946 882; x_wconf 87' lang='lat' dir='ltr'><strong>epistolam</strong></span> <span class='ocrx_word' id='word_1_35' title='bbox 1973 813 2049 868; x_wconf 88' lang='lat' dir='ltr'><strong>fe-</strong></span> 
     </span>
    </p>
   </div>
   <div class='ocr_carea' id='block_1_9' title="bbox 477 898 2049 974">
    <p class='ocr_par' dir='ltr' id='par_1_9' title="bbox 477 898 2049 974">
     <span class='ocr_line' id='line_1_9' title="bbox 477 898 2049 974; baseline 0.006 -22"><span class='ocrx_word' id='word_1_36' title='bbox 477 898 634 953; x_wconf 84' lang='lat' dir='ltr'><strong>rebat</strong></span> <span class='ocrx_word' id='word_1_37' title='bbox 660 901 1167 968; x_wconf 89' lang='lat' dir='ltr'><strong>comprehensus,et</strong></span> <span class='ocrx_word' id='word_1_38' title='bbox 1191 903 1256 957; x_wconf 90' lang='lat' dir='ltr'><strong>ad</strong></span> <span class='ocrx_word' id='word_1_39' title='bbox 1282 913 1728 974; x_wconf 89' lang='lat' dir='ltr'><strong>protostratorem</strong></span> <span class='ocrx_word' id='word_1_40' title='bbox 1752 906 2049 974; x_wconf 91' lang='lat' dir='ltr'><strong>perductus</strong></span> 
     </span>
    </p>
   </div>
   <div class='ocr_carea' id='block_1_10' title="bbox 480 989 2049 1060">
    <p class='ocr_par' dir='ltr' id='par_1_10' title="bbox 480 989 2049 1060">
     <span class='ocr_line' id='line_1_10' title="bbox 480 989 2049 1060; baseline 0.007 -17"><span class='ocrx_word' id='word_1_41' title='bbox 480 989 657 1060; x_wconf 88' lang='lat' dir='ltr'><strong>deque</strong></span> <span class='ocrx_word' id='word_1_42' title='bbox 700 991 902 1047; x_wconf 89' lang='lat' dir='ltr'><strong>litteris</strong></span> <span class='ocrx_word' id='word_1_43' title='bbox 931 995 1299 1060; x_wconf 86' lang='lat' dir='ltr'><strong>examinatus,</strong></span> <span class='ocrx_word' id='word_1_44' title='bbox 1347 997 1546 1051; x_wconf 89' lang='lat' dir='ltr'><strong>habere</strong></span> <span class='ocrx_word' id='word_1_45' title='bbox 1587 1013 1645 1052; x_wconf 89' lang='lat' dir='ltr'><strong>se</strong></span> <span class='ocrx_word' id='word_1_46' title='bbox 1676 999 1889 1053; x_wconf 79' lang='lat' dir='ltr'><strong>litteras</strong></span> <span class='ocrx_word' id='word_1_47' title='bbox 1919 1013 2049 1054; x_wconf 93' lang='lat' dir='ltr'><strong>con-</strong></span> 
     </span>
    </p>
   </div>
   <div class='ocr_carea' id='block_1_11' title="bbox 479 1079 2048 1160">
    <p class='ocr_par' dir='ltr' id='par_1_11' title="bbox 479 1079 2048 1160">
     <span class='ocr_line' id='line_1_11' title="bbox 479 1079 2048 1160; baseline 0.008 -26"><span class='ocrx_word' id='word_1_48' title='bbox 479 1079 658 1135; x_wconf 86' lang='lat' dir='ltr'><strong>fessus</strong></span> <span class='ocrx_word' id='word_1_49' title='bbox 707 1091 812 1148; x_wconf 90' lang='lat' dir='ltr'><strong>est,</strong></span> <span class='ocrx_word' id='word_1_50' title='bbox 859 1085 1152 1155; x_wconf 87' lang='lat' dir='ltr'><strong>statimque</strong></span> <span class='ocrx_word' id='word_1_51' title='bbox 1203 1089 1465 1155; x_wconf 82' lang='lat' dir='ltr'><strong>porrexit,</strong></span> <span class='ocrx_word' id='word_1_52' title='bbox 1498 1089 1699 1158; x_wconf 88' lang='lat' dir='ltr'><strong>quibus</strong></span> <span class='ocrx_word' id='word_1_53' title='bbox 1750 1090 2048 1160; x_wconf 86' lang='lat' dir='ltr'><strong>imperator</strong></span> 
     </span>
    </p>
   </div>
   <div class='ocr_carea' id='block_1_12' title="bbox 481 1173 2046 1250">
    <p class='ocr_par' dir='ltr' id='par_1_12' title="bbox 481 1173 2046 1250">
     <span class='ocr_line' id='line_1_12' title="bbox 481 1173 2046 1250; baseline 0.008 -26"><span class='ocrx_word' id='word_1_54' title='bbox 481 1173 798 1242; x_wconf 77' lang='lat' dir='ltr'><strong>rogabatur,</strong></span> <span class='ocrx_word' id='word_1_55' title='bbox 832 1189 900 1229; x_wconf 88' lang='lat' dir='ltr'><strong>ne</strong></span> <span class='ocrx_word' id='word_1_56' title='bbox 933 1191 1040 1245; x_wconf 88' lang='lat' dir='ltr'><strong>qua</strong></span> <span class='ocrx_word' id='word_1_57' title='bbox 1091 1177 1244 1232; x_wconf 91' lang='lat' dir='ltr'><strong>illum</strong></span> <span class='ocrx_word' id='word_1_58' title='bbox 1278 1189 1584 1233; x_wconf 83' lang='lat' dir='ltr'><strong>moraretur</strong></span> <span class='ocrx_word' id='word_1_59' title='bbox 1629 1181 1910 1250; x_wconf 78' lang='lat' dir='ltr'><strong>segnities,</strong></span> <span class='ocrx_word' id='word_1_60' title='bbox 1950 1181 2046 1240; x_wconf 86' lang='lat' dir='ltr'><strong>sed</strong></span> 
     </span>
    </p>
   </div>
   <div class='ocr_carea' id='block_1_13' title="bbox 477 1257 2047 1340">
    <p class='ocr_par' dir='ltr' id='par_1_13' title="bbox 477 1257 2047 1340">
     <span class='ocr_line' id='line_1_13' title="bbox 477 1257 2047 1340; baseline 0.011 -30"><span class='ocrx_word' id='word_1_61' title='bbox 477 1257 545 1311; x_wconf 81' lang='lat' dir='ltr'><strong>ad</strong></span> <span class='ocrx_word' id='word_1_62' title='bbox 569 1273 665 1312; x_wconf 89' lang='lat' dir='ltr'><strong>eos</strong></span> <span class='ocrx_word' id='word_1_63' title='bbox 693 1260 990 1317; x_wconf 82' lang='lat' dir='ltr'><strong>advolaret.</strong></span> <span class='ocrx_word' id='word_1_64' title='bbox 1028 1263 1161 1317; x_wconf 87' lang='lat' dir='ltr'><strong>Nam</strong></span> <span class='ocrx_word' id='word_1_65' title='bbox 1192 1267 1284 1334; x_wconf 90' lang='lat' dir='ltr'><strong>qui</strong></span> <span class='ocrx_word' id='word_1_66' title='bbox 1335 1276 1519 1322; x_wconf 88' lang='lat' dir='ltr'><strong>essent</strong></span> <span class='ocrx_word' id='word_1_67' title='bbox 1573 1269 1942 1340; x_wconf 59' lang='lat' dir='ltr'><strong>Didymotichi</strong></span> <span class='ocrx_word' id='word_1_68' title='bbox 1991 1273 2047 1328; x_wconf 91' lang='lat' dir='ltr'><strong>in</strong></span> 
     </span>
    </p>
   </div>
   <div class='ocr_carea' id='block_1_14' title="bbox 479 1347 2048 1434">
    <p class='ocr_par' dir='ltr' id='par_1_14' title="bbox 479 1347 2048 1434">
     <span class='ocr_line' id='line_1_14' title="bbox 479 1347 2048 1434; baseline 0.014 -37"><span class='ocrx_word' id='word_1_69' title='bbox 479 1347 739 1414; x_wconf 69' lang='lat' dir='ltr'><strong>praesidio</strong></span> <span class='ocrx_word' id='word_1_70' title='bbox 767 1349 978 1418; x_wconf 87' lang='lat' dir='ltr'><strong>equites</strong></span> <span class='ocrx_word' id='word_1_71' title='bbox 1017 1363 1072 1407; x_wconf 90' lang='lat' dir='ltr'><strong>et</strong></span> <span class='ocrx_word' id='word_1_72' title='bbox 1103 1354 1337 1422; x_wconf 87' lang='lat' dir='ltr'><strong>pedites,</strong></span> <span class='ocrx_word' id='word_1_73' title='bbox 1373 1356 1489 1412; x_wconf 90' lang='lat' dir='ltr'><strong>loca</strong></span> <span class='ocrx_word' id='word_1_74' title='bbox 1518 1359 1767 1415; x_wconf 79' lang='lat' dir='ltr'><strong>Thraciae</strong></span> <span class='ocrx_word' id='word_1_75' title='bbox 1805 1361 2048 1434; x_wconf 89' lang='lat' dir='ltr'><strong>depopu-</strong></span> 
     </span>
    </p>
   </div>
   <div class='ocr_carea' id='block_1_15' title="bbox 480 1438 2050 1525">
    <p class='ocr_par' dir='ltr' id='par_1_15' title="bbox 480 1438 2050 1525">
     <span class='ocr_line' id='line_1_15' title="bbox 480 1438 2050 1525; baseline 0.015 -34"><span class='ocrx_word' id='word_1_76' title='bbox 480 1438 619 1493; x_wconf 84' lang='lat' dir='ltr'><strong>latos</strong></span> <span class='ocrx_word' id='word_1_77' title='bbox 657 1439 862 1494; x_wconf 89' lang='lat' dir='ltr'><strong>victum</strong></span> <span class='ocrx_word' id='word_1_78' title='bbox 916 1443 1019 1500; x_wconf 86' lang='lat' dir='ltr'><strong>sibi</strong></span> <span class='ocrx_word' id='word_1_79' title='bbox 1099 1459 1465 1516; x_wconf 90' lang='lat' dir='ltr'><strong>comparasse.</strong></span> <span class='ocrx_word' id='word_1_80' title='bbox 1515 1449 1780 1507; x_wconf 88' lang='lat' dir='ltr'><strong>Similiter</strong></span> <span class='ocrx_word' id='word_1_81' title='bbox 1829 1456 2050 1525; x_wconf 83' lang='lat' dir='ltr'><strong>opifices</strong></span> 
     </span>
    </p>
   </div>
   <div class='ocr_carea' id='block_1_16' title="bbox 481 1530 2050 1603">
    <p class='ocr_par' dir='ltr' id='par_1_16' title="bbox 481 1530 2050 1603">
     <span class='ocr_line' id='line_1_16' title="bbox 481 1530 2050 1603; baseline 0.013 -21"><span class='ocrx_word' id='word_1_82' title='bbox 481 1538 538 1582; x_wconf 84' lang='lat' dir='ltr'><strong>et</strong></span> <span class='ocrx_word' id='word_1_83' title='bbox 576 1530 733 1593; x_wconf 91' lang='lat' dir='ltr'><strong>alios,</strong></span> <span class='ocrx_word' id='word_1_84' title='bbox 779 1542 1049 1602; x_wconf 89' lang='lat' dir='ltr'><strong>quotquot</strong></span> <span class='ocrx_word' id='word_1_85' title='bbox 1096 1551 1353 1592; x_wconf 90' lang='lat' dir='ltr'><strong>manuum</strong></span> <span class='ocrx_word' id='word_1_86' title='bbox 1403 1540 1588 1597; x_wconf 90' lang='lat' dir='ltr'><strong>labore</strong></span> <span class='ocrx_word' id='word_1_87' title='bbox 1634 1545 1798 1599; x_wconf 88' lang='lat' dir='ltr'><strong>vitam</strong></span> <span class='ocrx_word' id='word_1_88' title='bbox 1851 1548 2050 1603; x_wconf 55' lang='lat' dir='ltr'><strong>transi.</strong></span> 
     </span>
    </p>
   </div>
   <div class='ocr_carea' id='block_1_17' title="bbox 482 1622 2048 1696">
    <p class='ocr_par' dir='ltr' id='par_1_17' title="bbox 482 1622 2048 1696">
     <span class='ocr_line' id='line_1_17' title="bbox 482 1622 2048 1696; baseline 0.014 -24"><span class='ocrx_word' id='word_1_89' title='bbox 482 1631 695 1687; x_wconf 79' lang='lat' dir='ltr'><strong>gerent,</strong></span> <span class='ocrx_word' id='word_1_90' title='bbox 725 1622 982 1679; x_wconf 88' lang='lat' dir='ltr'><strong>alimonia</strong></span> <span class='ocrx_word' id='word_1_91' title='bbox 1030 1625 1348 1684; x_wconf 85' lang='lat' dir='ltr'><strong>abundare:</strong></span> <span class='ocrx_word' id='word_1_92' title='bbox 1381 1633 1577 1688; x_wconf 90' lang='lat' dir='ltr'><strong>mediis</strong></span> <span class='ocrx_word' id='word_1_93' title='bbox 1630 1635 1844 1692; x_wconf 78' lang='lat' dir='ltr'><strong>civibus</strong></span> <span class='ocrx_word' id='word_1_94' title='bbox 1906 1640 2048 1696; x_wconf 88' lang='lat' dir='ltr'><strong>nihil</strong></span> 
     </span>
    </p>
   </div>
   <div class='ocr_carea' id='block_1_18' title="bbox 483 1713 2049 1801">
    <p class='ocr_par' dir='ltr' id='par_1_18' title="bbox 483 1713 2049 1801">
     <span class='ocr_line' id='line_1_18' title="bbox 483 1713 2049 1801; baseline 0.015 -38"><span class='ocrx_word' id='word_1_95' title='bbox 483 1725 594 1778; x_wconf 91' lang='lat' dir='ltr'><strong>quo</strong></span> <span class='ocrx_word' id='word_1_96' title='bbox 621 1727 680 1766; x_wconf 90' lang='lat' dir='ltr'><strong>se</strong></span> <span class='ocrx_word' id='word_1_97' title='bbox 711 1713 856 1768; x_wconf 88' lang='lat' dir='ltr'><strong>alant</strong></span> <span class='ocrx_word' id='word_1_98' title='bbox 911 1716 1274 1788; x_wconf 87' lang='lat' dir='ltr'><strong>undecunque</strong></span> <span class='ocrx_word' id='word_1_99' title='bbox 1307 1732 1619 1793; x_wconf 85' lang='lat' dir='ltr'><strong>suppetere,</strong></span> <span class='ocrx_word' id='word_1_100' title='bbox 1656 1736 1710 1782; x_wconf 91' lang='lat' dir='ltr'><strong>et</strong></span> <span class='ocrx_word' id='word_1_101' title='bbox 1742 1743 1836 1784; x_wconf 91' lang='lat' dir='ltr'><strong>eos</strong></span> <span class='ocrx_word' id='word_1_102' title='bbox 1864 1730 2049 1801; x_wconf 84' lang='lat' dir='ltr'><strong>inopia</strong></span> 
     </span>
    </p>
   </div>
   <div class='ocr_carea' id='block_1_19' title="bbox 481 1804 2047 1892">
    <p class='ocr_par' dir='ltr' id='par_1_19' title="bbox 481 1804 2047 1892">
     <span class='ocr_line' id='line_1_19' title="bbox 481 1804 2047 1892; baseline 0.017 -39"><span class='ocrx_word' id='word_1_103' title='bbox 481 1817 649 1870; x_wconf 78' lang='lat' dir='ltr'><strong>supra</strong></span> <span class='ocrx_word' id='word_1_104' title='bbox 677 1804 895 1859; x_wconf 88' lang='lat' dir='ltr'><strong>modum</strong></span> <span class='ocrx_word' id='word_1_105' title='bbox 927 1809 1119 1876; x_wconf 90' lang='lat' dir='ltr'><strong>premi.</strong></span> <span class='ocrx_word' id='word_1_106' title='bbox 1156 1812 1530 1870; x_wconf 86' lang='lat' dir='ltr'><strong>Precabantur</strong></span> <span class='ocrx_word' id='word_1_107' title='bbox 1558 1818 1726 1885; x_wconf 82' lang='lat' dir='ltr'><strong>igitur</strong></span> <span class='ocrx_word' id='word_1_108' title='bbox 1754 1821 2047 1892; x_wconf 79' lang='lat' dir='ltr'><strong>imperato-</strong></span> 
     </span>
    </p>
   </div>
   <div class='ocr_carea' id='block_1_20' title="bbox 485 1895 2044 1979">
    <p class='ocr_par' dir='ltr' id='par_1_20' title="bbox 485 1895 2044 1979">
     <span class='ocr_line' id='line_1_20' title="bbox 485 1895 2044 1979; baseline 0.015 -34"><span class='ocrx_word' id='word_1_109' title='bbox 485 1907 600 1946; x_wconf 90' lang='lat' dir='ltr'><strong>rem</strong></span> <span class='ocrx_word' id='word_1_110' title='bbox 648 1895 966 1964; x_wconf 83' lang='lat' dir='ltr'><strong>imperatrix</strong></span> <span class='ocrx_word' id='word_1_111' title='bbox 992 1899 1191 1967; x_wconf 84' lang='lat' dir='ltr'><strong>conjux</strong></span> <span class='ocrx_word' id='word_1_112' title='bbox 1237 1911 1293 1956; x_wconf 90' lang='lat' dir='ltr'><strong>et</strong></span> <span class='ocrx_word' id='word_1_113' title='bbox 1335 1903 1454 1971; x_wconf 91' lang='lat' dir='ltr'><strong>alii,</strong></span> <span class='ocrx_word' id='word_1_114' title='bbox 1508 1907 1774 1965; x_wconf 89' lang='lat' dir='ltr'><strong>citissime</strong></span> <span class='ocrx_word' id='word_1_115' title='bbox 1817 1912 2044 1979; x_wconf 89' lang='lat' dir='ltr'><strong>rediret,</strong></span> 
     </span>
    </p>
   </div>
   <div class='ocr_carea' id='block_1_21' title="bbox 483 1985 2051 2061">
    <p class='ocr_par' dir='ltr' id='par_1_21' title="bbox 483 1985 2051 2061">
     <span class='ocr_line' id='line_1_21' title="bbox 483 1985 2051 2061; baseline 0.017 -26"><span class='ocrx_word' id='word_1_116' title='bbox 483 1999 595 2052; x_wconf 93' lang='lat' dir='ltr'><strong>quo</strong></span> <span class='ocrx_word' id='word_1_117' title='bbox 623 1985 890 2042; x_wconf 74' lang='lat' dir='ltr'><strong>adventus</strong></span> <span class='ocrx_word' id='word_1_118' title='bbox 920 1989 1041 2056; x_wconf 84' lang='lat' dir='ltr'><strong>ejus</strong></span> <span class='ocrx_word' id='word_1_119' title='bbox 1071 1992 1218 2047; x_wconf 84' lang='lat' dir='ltr'><strong>cives</strong></span> <span class='ocrx_word' id='word_1_120' title='bbox 1266 2002 1415 2050; x_wconf 87' lang='lat' dir='ltr'><strong>tanto</strong></span> <span class='ocrx_word' id='word_1_121' title='bbox 1448 1998 1588 2053; x_wconf 85' lang='lat' dir='ltr'><strong>malo</strong></span> <span class='ocrx_word' id='word_1_122' title='bbox 1615 1999 1838 2056; x_wconf 83' lang='lat' dir='ltr'><strong>levaret.</strong></span> <span class='ocrx_word' id='word_1_123' title='bbox 1869 2003 2051 2061; x_wconf 86' lang='lat' dir='ltr'><strong>Lectis</strong></span> 
     </span>
    </p>
   </div>
   <div class='ocr_carea' id='block_1_22' title="bbox 482 2073 2050 2147">
    <p class='ocr_par' dir='ltr' id='par_1_22' title="bbox 482 2073 2050 2147">
     <span class='ocr_line' id='line_1_22' title="bbox 482 2073 2050 2147; baseline 0.013 -20"><span class='ocrx_word' id='word_1_124' title='bbox 482 2073 682 2130; x_wconf 91' lang='lat' dir='ltr'><strong>litteris</strong></span> <span class='ocrx_word' id='word_1_125' title='bbox 726 2086 1110 2145; x_wconf 87' lang='lat' dir='ltr'><strong>protostrator,</strong></span> <span class='ocrx_word' id='word_1_126' title='bbox 1164 2082 1388 2138; x_wconf 90' lang='lat' dir='ltr'><strong>curioso</strong></span> <span class='ocrx_word' id='word_1_127' title='bbox 1460 2086 1719 2143; x_wconf 91' lang='lat' dir='ltr'><strong>nimirum</strong></span> <span class='ocrx_word' id='word_1_128' title='bbox 1769 2099 1823 2144; x_wconf 92' lang='lat' dir='ltr'><strong>et</strong></span> <span class='ocrx_word' id='word_1_129' title='bbox 1863 2092 2050 2147; x_wconf 88' lang='lat' dir='ltr'><strong>solerti</strong></span> 
     </span>
    </p>
   </div>
   <div class='ocr_carea' id='block_1_23' title="bbox 483 2162 2052 2245">
    <p class='ocr_par' dir='ltr' id='par_1_23' title="bbox 483 2162 2052 2245">
     <span class='ocr_line' id='line_1_23' title="bbox 483 2162 2052 2245; baseline 0.015 -29"><span class='ocrx_word' id='word_1_130' title='bbox 483 2162 742 2231; x_wconf 79' lang='lat' dir='ltr'><strong>facinore,</strong></span> <span class='ocrx_word' id='word_1_131' title='bbox 794 2183 930 2222; x_wconf 89' lang='lat' dir='ltr'><strong>auro</strong></span> <span class='ocrx_word' id='word_1_132' title='bbox 982 2170 1109 2224; x_wconf 90' lang='lat' dir='ltr'><strong>dato</strong></span> <span class='ocrx_word' id='word_1_133' title='bbox 1170 2181 1226 2226; x_wconf 84' lang='lat' dir='ltr'><strong>et</strong></span> <span class='ocrx_word' id='word_1_134' title='bbox 1271 2175 1583 2245; x_wconf 83' lang='lat' dir='ltr'><strong>promissis,</strong></span> <span class='ocrx_word' id='word_1_135' title='bbox 1613 2194 1672 2235; x_wconf 91' lang='lat' dir='ltr'><strong>se</strong></span> <span class='ocrx_word' id='word_1_136' title='bbox 1708 2180 1762 2234; x_wconf 87' lang='lat' dir='ltr'><strong>in</strong></span> <span class='ocrx_word' id='word_1_137' title='bbox 1796 2181 1948 2236; x_wconf 91' lang='lat' dir='ltr'><strong>illum</strong></span> <span class='ocrx_word' id='word_1_138' title='bbox 1995 2193 2052 2240; x_wconf 86' lang='lat' dir='ltr'><strong>et</strong></span> 
     </span>
    </p>
   </div>
   <div class='ocr_carea' id='block_1_24' title="bbox 482 2256 2050 2344">
    <p class='ocr_par' dir='ltr' id='par_1_24' title="bbox 482 2256 2050 2344">
     <span class='ocr_line' id='line_1_24' title="bbox 482 2256 2050 2344; baseline 0.015 -37"><span class='ocrx_word' id='word_1_139' title='bbox 482 2256 705 2311; x_wconf 91' lang='lat' dir='ltr'><strong>domum</strong></span> <span class='ocrx_word' id='word_1_140' title='bbox 755 2260 874 2329; x_wconf 78' lang='lat' dir='ltr'><strong>ejus</strong></span> <span class='ocrx_word' id='word_1_141' title='bbox 944 2260 1338 2333; x_wconf 88' lang='lat' dir='ltr'><strong>(Selybrianus</strong></span> <span class='ocrx_word' id='word_1_142' title='bbox 1403 2279 1586 2323; x_wconf 90' lang='lat' dir='ltr'><strong>autem</strong></span> <span class='ocrx_word' id='word_1_143' title='bbox 1658 2273 1816 2344; x_wconf 87' lang='lat' dir='ltr'><strong>erat)</strong></span> <span class='ocrx_word' id='word_1_144' title='bbox 1885 2273 2050 2330; x_wconf 82' lang='lat' dir='ltr'><strong>bene-</strong></span> 
     </span>
    </p>
   </div>
   <div class='ocr_carea' id='block_1_25' title="bbox 485 2345 2050 2436">
    <p class='ocr_par' dir='ltr' id='par_1_25' title="bbox 485 2345 2050 2436">
     <span class='ocr_line' id='line_1_25' title="bbox 485 2345 2050 2436; baseline 0.015 -37"><span class='ocrx_word' id='word_1_145' title='bbox 485 2345 647 2401; x_wconf 77' lang='lat' dir='ltr'><strong>fit-um</strong></span> <span class='ocrx_word' id='word_1_146' title='bbox 710 2349 980 2418; x_wconf 88' lang='lat' dir='ltr'><strong>futurum,</strong></span> <span class='ocrx_word' id='word_1_147' title='bbox 1034 2357 1327 2424; x_wconf 88' lang='lat' dir='ltr'><strong>persuadet</strong></span> <span class='ocrx_word' id='word_1_148' title='bbox 1366 2359 1669 2427; x_wconf 87' lang='lat' dir='ltr'><strong>tabellario,</strong></span> <span class='ocrx_word' id='word_1_149' title='bbox 1727 2374 1787 2418; x_wconf 94' lang='lat' dir='ltr'><strong>ut</strong></span> <span class='ocrx_word' id='word_1_150' title='bbox 1843 2366 2050 2436; x_wconf 81' lang='lat' dir='ltr'><strong>episto-</strong></span> 
     </span>
    </p>
   </div>
   <div class='ocr_carea' id='block_1_26' title="bbox 364 2438 2046 2528">
    <p class='ocr_par' dir='ltr' id='par_1_26' title="bbox 364 2438 2046 2528">
     <span class='ocr_line' id='line_1_26' title="bbox 364 2438 2046 2528; baseline 0.014 -37"><span class='ocrx_word' id='word_1_151' title='bbox 364 2496 370 2502; x_wconf 89' lang='lat'>_</span> <span class='ocrx_word' id='word_1_152' title='bbox 483 2438 591 2493; x_wconf 77' lang='lat' dir='ltr'><strong>lam</strong></span> <span class='ocrx_word' id='word_1_153' title='bbox 631 2441 774 2496; x_wconf 89' lang='lat' dir='ltr'><strong>illam</strong></span> <span class='ocrx_word' id='word_1_154' title='bbox 826 2458 924 2499; x_wconf 90' lang='lat' dir='ltr'><strong>suo</strong></span> <span class='ocrx_word' id='word_1_155' title='bbox 977 2446 1248 2503; x_wconf 87' lang='lat' dir='ltr'><strong>arbitratu</strong></span> <span class='ocrx_word' id='word_1_156' title='bbox 1299 2460 1354 2506; x_wconf 92' lang='lat' dir='ltr'><strong>et</strong></span> <span class='ocrx_word' id='word_1_157' title='bbox 1405 2453 1568 2508; x_wconf 91' lang='lat' dir='ltr'><strong>modo</strong></span> <span class='ocrx_word' id='word_1_158' title='bbox 1644 2458 2046 2528; x_wconf 86' lang='lat' dir='ltr'><strong>transcriptam,</strong></span> 
     </span>
    </p>
   </div>
   <div class='ocr_carea' id='block_1_27' title="bbox 484 2541 2052 2612">
    <p class='ocr_par' dir='ltr' id='par_1_27' title="bbox 484 2541 2052 2612">
     <span class='ocr_line' id='line_1_27' title="bbox 484 2541 2052 2612; baseline 0.015 -29"><span class='ocrx_word' id='word_1_159' title='bbox 484 2545 587 2598; x_wconf 83' lang='lat' dir='ltr'><strong>pro</strong></span> <span class='ocrx_word' id='word_1_160' title='bbox 618 2547 746 2588; x_wconf 83' lang='lat' dir='ltr'><strong>vera</strong></span> <span class='ocrx_word' id='word_1_161' title='bbox 787 2543 840 2589; x_wconf 87' lang='lat' dir='ltr'><strong>et</strong></span> <span class='ocrx_word' id='word_1_162' title='bbox 890 2550 1145 2605; x_wconf 75' lang='lat' dir='ltr'><strong>germana</strong></span> <span class='ocrx_word' id='word_1_163' title='bbox 1196 2541 1383 2598; x_wconf 78' lang='lat' dir='ltr'><strong>uxoris</strong></span> <span class='ocrx_word' id='word_1_164' title='bbox 1428 2545 1658 2612; x_wconf 89' lang='lat' dir='ltr'><strong>epistola</strong></span> <span class='ocrx_word' id='word_1_165' title='bbox 1686 2547 1754 2602; x_wconf 84' lang='lat' dir='ltr'><strong>ad</strong></span> <span class='ocrx_word' id='word_1_166' title='bbox 1780 2549 2052 2606; x_wconf 81' lang='lat' dir='ltr'><strong>Cautacu-</strong></span> 
     </span>
    </p>
   </div>
   <div class='ocr_carea' id='block_1_28' title="bbox 485 2629 2050 2699">
    <p class='ocr_par' dir='ltr' id='par_1_28' title="bbox 485 2629 2050 2699">
     <span class='ocr_line' id='line_1_28' title="bbox 485 2629 2050 2699; baseline 0.015 -24"><span class='ocrx_word' id='word_1_167' title='bbox 485 2637 681 2678; x_wconf 87' lang='lat' dir='ltr'><strong>zenum</strong></span> <span class='ocrx_word' id='word_1_168' title='bbox 712 2636 981 2694; x_wconf 89' lang='lat' dir='ltr'><strong>apportet,</strong></span> <span class='ocrx_word' id='word_1_169' title='bbox 1016 2643 1080 2684; x_wconf 90' lang='lat' dir='ltr'><strong>ac</strong></span> <span class='ocrx_word' id='word_1_170' title='bbox 1116 2630 1184 2686; x_wconf 91' lang='lat' dir='ltr'><strong>de</strong></span> <span class='ocrx_word' id='word_1_171' title='bbox 1213 2632 1359 2687; x_wconf 90' lang='lat' dir='ltr'><strong>facto</strong></span> <span class='ocrx_word' id='word_1_172' title='bbox 1391 2635 1528 2690; x_wconf 86' lang='lat' dir='ltr'><strong>nihil</strong></span> <span class='ocrx_word' id='word_1_173' title='bbox 1572 2637 1740 2694; x_wconf 90' lang='lat' dir='ltr'><strong>dicat.</strong></span> <span class='ocrx_word' id='word_1_174' title='bbox 1781 2629 1932 2696; x_wconf 83' lang='lat' dir='ltr'><strong>Facit</strong></span> <span class='ocrx_word' id='word_1_175' title='bbox 1959 2642 2050 2699; x_wconf 89' lang='lat' dir='ltr'><strong>ille</strong></span> 
     </span>
    </p>
   </div>
   <div class='ocr_carea' id='block_1_29' title="bbox 482 2715 2051 2799">
    <p class='ocr_par' dir='ltr' id='par_1_29' title="bbox 482 2715 2051 2799">
     <span class='ocr_line' id='line_1_29' title="bbox 482 2715 2051 2799; baseline 0.015 -33"><span class='ocrx_word' id='word_1_176' title='bbox 482 2715 629 2782; x_wconf 89' lang='lat' dir='ltr'><strong>quod</strong></span> <span class='ocrx_word' id='word_1_177' title='bbox 663 2718 971 2785; x_wconf 83' lang='lat' dir='ltr'><strong>petebatur,</strong></span> <span class='ocrx_word' id='word_1_178' title='bbox 999 2729 1055 2776; x_wconf 90' lang='lat' dir='ltr'><strong>et</strong></span> <span class='ocrx_word' id='word_1_179' title='bbox 1082 2731 1450 2791; x_wconf 87' lang='lat' dir='ltr'><strong>protostrator</strong></span> <span class='ocrx_word' id='word_1_180' title='bbox 1497 2743 1809 2799; x_wconf 89' lang='lat' dir='ltr'><strong>quanquam</strong></span> <span class='ocrx_word' id='word_1_181' title='bbox 1859 2733 2051 2790; x_wconf 82' lang='lat' dir='ltr'><strong>nolens</strong></span> 
     </span>
    </p>
   </div>
   <div class='ocr_carea' id='block_1_30' title="bbox 481 2803 2047 2880">
    <p class='ocr_par' dir='ltr' id='par_1_30' title="bbox 481 2803 2047 2880">
     <span class='ocr_line' id='line_1_30' title="bbox 481 2803 2047 2880; baseline 0.015 -24"><span class='ocrx_word' id='word_1_182' title='bbox 481 2803 799 2873; x_wconf 88' lang='lat' dir='ltr'><strong>imperatori</strong></span> <span class='ocrx_word' id='word_1_183' title='bbox 865 2811 1095 2880; x_wconf 88' lang='lat' dir='ltr'><strong>ejusque</strong></span> <span class='ocrx_word' id='word_1_184' title='bbox 1132 2815 1396 2870; x_wconf 83' lang='lat' dir='ltr'><strong>exercitui</strong></span> <span class='ocrx_word' id='word_1_185' title='bbox 1430 2821 1764 2876; x_wconf 89' lang='lat' dir='ltr'><strong>commodat.</strong></span> <span class='ocrx_word' id='word_1_186' title='bbox 1804 2822 1874 2880; x_wconf 90' lang='lat' dir='ltr'><strong>Ut</strong></span> <span class='ocrx_word' id='word_1_187' title='bbox 1901 2824 2047 2880; x_wconf 89' lang='lat' dir='ltr'><strong>enim</strong></span> 
     </span>
    </p>
   </div>
   <div class='ocr_carea' id='block_1_31' title="bbox 483 2896 2050 2973">
    <p class='ocr_par' dir='ltr' id='par_1_31' title="bbox 483 2896 2050 2973">
     <span class='ocr_line' id='line_1_31' title="bbox 483 2896 2050 2973; baseline 0.016 -26"><span class='ocrx_word' id='word_1_188' title='bbox 483 2896 708 2952; x_wconf 88' lang='lat' dir='ltr'><strong>recitata</strong></span> <span class='ocrx_word' id='word_1_189' title='bbox 766 2909 871 2965; x_wconf 89' lang='lat' dir='ltr'><strong>est,</strong></span> <span class='ocrx_word' id='word_1_190' title='bbox 936 2909 992 2956; x_wconf 88' lang='lat' dir='ltr'><strong>et</strong></span> <span class='ocrx_word' id='word_1_191' title='bbox 1032 2901 1454 2963; x_wconf 84' lang='lat' dir='ltr'><strong>Cantacuzenici</strong></span> <span class='ocrx_word' id='word_1_192' title='bbox 1531 2909 1600 2964; x_wconf 91' lang='lat' dir='ltr'><strong>de</strong></span> <span class='ocrx_word' id='word_1_193' title='bbox 1662 2912 2050 2973; x_wconf 87' lang='lat' dir='ltr'><strong>insidiantibus</strong></span> 
     </span>
    </p>
   </div>
   <div class='ocr_carea' id='block_1_32' title="bbox 479 2986 2049 3073">
    <p class='ocr_par' dir='ltr' id='par_1_32' title="bbox 479 2986 2049 3073">
     <span class='ocr_line' id='line_1_32' title="bbox 479 2986 2049 3073; baseline 0.013 -32"><span class='ocrx_word' id='word_1_194' title='bbox 479 2986 585 3041; x_wconf 91' lang='lat' dir='ltr'><strong>sibi</strong></span> <span class='ocrx_word' id='word_1_195' title='bbox 625 2989 800 3059; x_wconf 89' lang='lat' dir='ltr'><strong>copiis</strong></span> <span class='ocrx_word' id='word_1_196' title='bbox 827 3005 1222 3062; x_wconf 76' lang='lat' dir='ltr'><strong>cognoverunt,</strong></span> <span class='ocrx_word' id='word_1_197' title='bbox 1254 3013 1374 3054; x_wconf 89' lang='lat' dir='ltr'><strong>esse</strong></span> <span class='ocrx_word' id='word_1_198' title='bbox 1410 3001 1598 3057; x_wconf 89' lang='lat' dir='ltr'><strong>multis</strong></span> <span class='ocrx_word' id='word_1_199' title='bbox 1639 3003 1893 3073; x_wconf 84' lang='lat' dir='ltr'><strong>partibus</strong></span> <span class='ocrx_word' id='word_1_200' title='bbox 1933 3007 2049 3062; x_wconf 86' lang='lat' dir='ltr'><strong>suis</strong></span> 
     </span>
    </p>
   </div>
   <div class='ocr_carea' id='block_1_33' title="bbox 479 3080 2046 3161">
    <p class='ocr_par' dir='ltr' id='par_1_33' title="bbox 479 3080 2046 3161">
     <span class='ocr_line' id='line_1_33' title="bbox 479 3080 2046 3161; baseline 0.013 -28"><span class='ocrx_word' id='word_1_201' title='bbox 479 3080 740 3150; x_wconf 86' lang='lat' dir='ltr'><strong>majores,</strong></span> <span class='ocrx_word' id='word_1_202' title='bbox 791 3084 1080 3156; x_wconf 88' lang='lat' dir='ltr'><strong>modisque</strong></span> <span class='ocrx_word' id='word_1_203' title='bbox 1148 3090 1405 3147; x_wconf 90' lang='lat' dir='ltr'><strong>omnibus</strong></span> <span class='ocrx_word' id='word_1_204' title='bbox 1455 3092 1726 3161; x_wconf 88' lang='lat' dir='ltr'><strong>valentes,</strong></span> <span class='ocrx_word' id='word_1_205' title='bbox 1780 3097 2046 3154; x_wconf 85' lang='lat' dir='ltr'><strong>militibus</strong></span> 
     </span>
    </p>
   </div>
   <div class='ocr_carea' id='block_1_34' title="bbox 476 3174 2116 3276">
    <p class='ocr_par' dir='ltr' id='par_1_34' title="bbox 476 3174 2116 3276">
     <span class='ocr_line' id='line_1_34' title="bbox 476 3174 2116 3276; baseline 0.015 -54"><span class='ocrx_word' id='word_1_206' title='bbox 476 3174 752 3229; x_wconf 85' lang='lat' dir='ltr'><strong>veteranis</strong></span> <span class='ocrx_word' id='word_1_207' title='bbox 803 3186 1120 3236; x_wconf 87' lang='lat' dir='ltr'><strong>constantes</strong></span> <span class='ocrx_word' id='word_1_208' title='bbox 1156 3181 1388 3246; x_wconf 87' lang='lat' dir='ltr'><strong>scilicet.</strong></span> <span class='ocrx_word' id='word_1_209' title='bbox 1421 3183 1531 3239; x_wconf 90' lang='lat' dir='ltr'><strong>Deo</strong></span> <span class='ocrx_word' id='word_1_210' title='bbox 1578 3185 1645 3241; x_wconf 90' lang='lat' dir='ltr'><strong>de</strong></span> <span class='ocrx_word' id='word_1_211' title='bbox 1673 3202 1801 3242; x_wconf 89' lang='lat' dir='ltr'><strong>cura</strong></span> <span class='ocrx_word' id='word_1_212' title='bbox 1825 3205 1949 3260; x_wconf 81' lang='lat' dir='ltr'><strong>erga</strong></span> <span class='ocrx_word' id='word_1_213' title='bbox 1985 3205 2043 3246; x_wconf 90' lang='lat' dir='ltr'><strong>se</strong></span> <span class='ocrx_word' id='word_1_214' title='bbox 2071 3215 2116 3276; x_wconf 65' lang='grc' dir='ltr'><strong><em>ε</em></strong></span> 
     </span>
    </p>
   </div>
   <div class='ocr_carea' id='block_1_35' title="bbox 475 3267 2045 3347">
    <p class='ocr_par' dir='ltr' id='par_1_35' title="bbox 475 3267 2045 3347">
     <span class='ocr_line' id='line_1_35' title="bbox 475 3267 2045 3347; baseline 0.015 -31"><span class='ocrx_word' id='word_1_215' title='bbox 475 3272 532 3316; x_wconf 87' lang='lat' dir='ltr'><strong>et</strong></span> <span class='ocrx_word' id='word_1_216' title='bbox 565 3267 854 3322; x_wconf 81' lang='lat' dir='ltr'><strong>aversione</strong></span> <span class='ocrx_word' id='word_1_217' title='bbox 889 3270 1042 3335; x_wconf 88' lang='lat' dir='ltr'><strong>mali,</strong></span> <span class='ocrx_word' id='word_1_218' title='bbox 1074 3281 1239 3342; x_wconf 89' lang='lat' dir='ltr'><strong>atque</strong></span> <span class='ocrx_word' id='word_1_219' title='bbox 1266 3275 1432 3329; x_wconf 89' lang='lat' dir='ltr'><strong>etiam</strong></span> <span class='ocrx_word' id='word_1_220' title='bbox 1470 3276 1805 3347; x_wconf 86' lang='lat' dir='ltr'><strong>imperatrici</strong></span> <span class='ocrx_word' id='word_1_221' title='bbox 1834 3281 1902 3337; x_wconf 90' lang='lat' dir='ltr'><strong>de</strong></span> <span class='ocrx_word' id='word_1_222' title='bbox 1929 3293 2045 3338; x_wconf 87' lang='lat' dir='ltr'><strong>stu-</strong></span> 
     </span>
    </p>
   </div>
   <div class='ocr_carea' id='block_1_36' title="bbox 477 3353 2046 3444">
    <p class='ocr_par' dir='ltr' id='par_1_36' title="bbox 477 3353 2046 3444">
     <span class='ocr_line' id='line_1_36' title="bbox 477 3353 2046 3444; baseline 0.014 -35"><span class='ocrx_word' id='word_1_223' title='bbox 477 3353 571 3408; x_wconf 90' lang='lat' dir='ltr'><strong>dio</strong></span> <span class='ocrx_word' id='word_1_224' title='bbox 595 3365 648 3411; x_wconf 90' lang='lat' dir='ltr'><strong>et</strong></span> <span class='ocrx_word' id='word_1_225' title='bbox 674 3357 1042 3417; x_wconf 88' lang='lat' dir='ltr'><strong>sollicitudine</strong></span> <span class='ocrx_word' id='word_1_226' title='bbox 1066 3376 1193 3434; x_wconf 76' lang='lat' dir='ltr'><strong>erga</strong></span> <span class='ocrx_word' id='word_1_227' title='bbox 1223 3363 1372 3433; x_wconf 92' lang='lat' dir='ltr'><strong>ipsos</strong></span> <span class='ocrx_word' id='word_1_228' title='bbox 1397 3369 1598 3436; x_wconf 75' lang='lat' dir='ltr'><strong>gratias</strong></span> <span class='ocrx_word' id='word_1_229' title='bbox 1637 3370 1881 3440; x_wconf 76' lang='lat' dir='ltr'><strong>ingentes</strong></span> <span class='ocrx_word' id='word_1_230' title='bbox 1921 3389 2046 3444; x_wconf 76' lang='lat' dir='ltr'><strong>ege-</strong></span> 
     </span>
    </p>
   </div>
   <div class='ocr_carea' id='block_1_37' title="bbox 478 3451 2044 3534">
    <p class='ocr_par' dir='ltr' id='par_1_37' title="bbox 478 3451 2044 3534">
     <span class='ocr_line' id='line_1_37' title="bbox 478 3451 2044 3534; baseline 0.015 -36"><span class='ocrx_word' id='word_1_231' title='bbox 478 3455 628 3511; x_wconf 91' lang='lat' dir='ltr'><strong>runt,</strong></span> <span class='ocrx_word' id='word_1_232' title='bbox 683 3456 739 3502; x_wconf 93' lang='lat' dir='ltr'><strong>et</strong></span> <span class='ocrx_word' id='word_1_233' title='bbox 797 3451 871 3506; x_wconf 93' lang='lat' dir='ltr'><strong>ob</strong></span> <span class='ocrx_word' id='word_1_234' title='bbox 917 3453 1091 3523; x_wconf 88' lang='lat' dir='ltr'><strong>majus</strong></span> <span class='ocrx_word' id='word_1_235' title='bbox 1142 3456 1473 3526; x_wconf 90' lang='lat' dir='ltr'><strong>periculum,</strong></span> <span class='ocrx_word' id='word_1_236' title='bbox 1532 3459 1692 3532; x_wconf 76' lang='lat'><strong>535</strong></span> <span class='ocrx_word' id='word_1_237' title='bbox 1740 3477 1861 3532; x_wconf 80' lang='lat' dir='ltr'><strong>qua:</strong></span> <span class='ocrx_word' id='word_1_238' title='bbox 1891 3466 2044 3534; x_wconf 88' lang='lat' dir='ltr'><strong>prius</strong></span> 
     </span>
    </p>
   </div>
   <div class='ocr_carea' id='block_1_38' title="bbox 474 3542 2041 3630">
    <p class='ocr_par' dir='ltr' id='par_1_38' title="bbox 474 3542 2041 3630">
     <span class='ocr_line' id='line_1_38' title="bbox 474 3542 2041 3630; baseline 0.013 -37"><span class='ocrx_word' id='word_1_239' title='bbox 474 3542 665 3599; x_wconf 81' lang='lat' dir='ltr'><strong>odiosa</strong></span> <span class='ocrx_word' id='word_1_240' title='bbox 729 3555 786 3600; x_wconf 87' lang='lat' dir='ltr'><strong>et</strong></span> <span class='ocrx_word' id='word_1_241' title='bbox 817 3545 989 3603; x_wconf 87' lang='lat' dir='ltr'><strong>invisa</strong></span> <span class='ocrx_word' id='word_1_242' title='bbox 1031 3559 1208 3614; x_wconf 89' lang='lat' dir='ltr'><strong>erant,</strong></span> <span class='ocrx_word' id='word_1_243' title='bbox 1240 3549 1495 3608; x_wconf 89' lang='lat' dir='ltr'><strong>facillima</strong></span> <span class='ocrx_word' id='word_1_244' title='bbox 1532 3563 1590 3609; x_wconf 91' lang='lat' dir='ltr'><strong>et</strong></span> <span class='ocrx_word' id='word_1_245' title='bbox 1630 3556 1919 3613; x_wconf 89' lang='lat' dir='ltr'><strong>utilissima</strong></span> <span class='ocrx_word' id='word_1_246' title='bbox 1949 3560 2041 3630; x_wconf 82' lang='lat' dir='ltr'><strong>ju-</strong></span> 
     </span>
    </p>
   </div>
   <div class='ocr_carea' id='block_1_39' title="bbox 475 3634 2042 3720">
    <p class='ocr_par' dir='ltr' id='par_1_39' title="bbox 475 3634 2042 3720">
     <span class='ocr_line' id='line_1_39' title="bbox 475 3634 2042 3720; baseline 0.014 -34"><span class='ocrx_word' id='word_1_247' title='bbox 475 3634 742 3701; x_wconf 88' lang='lat' dir='ltr'><strong>dicantes,</strong></span> <span class='ocrx_word' id='word_1_248' title='bbox 773 3637 917 3693; x_wconf 91' lang='lat' dir='ltr'><strong>haud</strong></span> <span class='ocrx_word' id='word_1_249' title='bbox 948 3655 1090 3712; x_wconf 69' lang='lat' dir='ltr'><strong>aegre</strong></span> <span class='ocrx_word' id='word_1_250' title='bbox 1116 3653 1268 3700; x_wconf 89' lang='lat' dir='ltr'><strong>retro</strong></span> <span class='ocrx_word' id='word_1_251' title='bbox 1293 3644 1597 3701; x_wconf 90' lang='lat' dir='ltr'><strong>redierunt.</strong></span> <span class='ocrx_word' id='word_1_252' title='bbox 1623 3646 1714 3704; x_wconf 92' lang='lat' dir='ltr'><strong>Sic</strong></span> <span class='ocrx_word' id='word_1_253' title='bbox 1739 3649 2042 3720; x_wconf 89' lang='lat' dir='ltr'><strong>imperator</strong></span> 
     </span>
    </p>
   </div>
   <div class='ocr_carea' id='block_1_40' title="bbox 475 3729 2040 3809">
    <p class='ocr_par' dir='ltr' id='par_1_40' title="bbox 475 3729 2040 3809">
     <span class='ocr_line' id='line_1_40' title="bbox 475 3729 2040 3809; baseline 0.013 -30"><span class='ocrx_word' id='word_1_254' title='bbox 475 3741 599 3780; x_wconf 90' lang='lat' dir='ltr'><strong>cum</strong></span> <span class='ocrx_word' id='word_1_255' title='bbox 628 3729 743 3783; x_wconf 88' lang='lat' dir='ltr'><strong>suis</strong></span> <span class='ocrx_word' id='word_1_256' title='bbox 770 3729 1072 3800; x_wconf 88' lang='lat' dir='ltr'><strong>improviso</strong></span> <span class='ocrx_word' id='word_1_257' title='bbox 1099 3735 1407 3792; x_wconf 88' lang='lat' dir='ltr'><strong>discrimini</strong></span> <span class='ocrx_word' id='word_1_258' title='bbox 1431 3749 1674 3809; x_wconf 87' lang='lat' dir='ltr'><strong>ereptus,</strong></span> <span class='ocrx_word' id='word_1_259' title='bbox 1705 3756 1770 3796; x_wconf 77' lang='lat' dir='ltr'><strong>ex</strong></span> <span class='ocrx_word' id='word_1_260' title='bbox 1800 3742 2040 3800; x_wconf 88' lang='lat' dir='ltr'><strong>hostium</strong></span> 
     </span>
    </p>
   </div>
   <div class='ocr_carea' id='block_1_41' title="bbox 473 3820 2042 3906">
    <p class='ocr_par' dir='ltr' id='par_1_41' title="bbox 473 3820 2042 3906">
     <span class='ocr_line' id='line_1_41' title="bbox 473 3820 2042 3906; baseline 0.013 -34"><span class='ocrx_word' id='word_1_261' title='bbox 473 3820 718 3888; x_wconf 88' lang='lat' dir='ltr'><strong>nequitia</strong></span> <span class='ocrx_word' id='word_1_262' title='bbox 781 3823 1017 3880; x_wconf 88' lang='lat' dir='ltr'><strong>fructum</strong></span> <span class='ocrx_word' id='word_1_263' title='bbox 1079 3828 1224 3896; x_wconf 91' lang='lat' dir='ltr'><strong>cepit</strong></span> <span class='ocrx_word' id='word_1_264' title='bbox 1288 3830 1653 3889; x_wconf 89' lang='lat' dir='ltr'><strong>uberrimum.</strong></span> <span class='ocrx_word' id='word_1_265' title='bbox 1706 3835 1773 3889; x_wconf 82' lang='lat' dir='ltr'><strong>At</strong></span> <span class='ocrx_word' id='word_1_266' title='bbox 1813 3851 2042 3906; x_wconf 69' lang='lat' dir='ltr'><strong>magnus</strong></span> 
     </span>
    </p>
   </div>
   <div class='ocr_carea' id='block_1_42' title="bbox 473 3911 2037 3986">
    <p class='ocr_par' dir='ltr' id='par_1_42' title="bbox 473 3911 2037 3986">
     <span class='ocr_line' id='line_1_42' title="bbox 473 3911 2037 3986; baseline 0.013 -23"><span class='ocrx_word' id='word_1_267' title='bbox 473 3911 606 3977; x_wconf 80' lang='lat' dir='ltr'><strong>dux,</strong></span> <span class='ocrx_word' id='word_1_268' title='bbox 640 3923 700 3968; x_wconf 93' lang='lat' dir='ltr'><strong>ut</strong></span> <span class='ocrx_word' id='word_1_269' title='bbox 726 3914 940 3986; x_wconf 85' lang='lat' dir='ltr'><strong>accepit</strong></span> <span class='ocrx_word' id='word_1_270' title='bbox 963 3931 1090 3973; x_wconf 92' lang='lat' dir='ltr'><strong>eum</strong></span> <span class='ocrx_word' id='word_1_271' title='bbox 1129 3919 1422 3977; x_wconf 90' lang='lat' dir='ltr'><strong>ducentem</strong></span> <span class='ocrx_word' id='word_1_272' title='bbox 1470 3939 1692 3980; x_wconf 84' lang='lat' dir='ltr'><strong>manum</strong></span> <span class='ocrx_word' id='word_1_273' title='bbox 1741 3927 2037 3984; x_wconf 90' lang='lat' dir='ltr'><strong>admodum</strong></span> 
     </span>
    </p>
   </div>
   <div class='ocr_carea' id='block_1_43' title="bbox 469 4001 2039 4086">
    <p class='ocr_par' dir='ltr' id='par_1_43' title="bbox 469 4001 2039 4086">
     <span class='ocr_line' id='line_1_43' title="bbox 469 4001 2039 4086; baseline 0.013 -32"><span class='ocrx_word' id='word_1_274' title='bbox 469 4001 885 4072; x_wconf 88' lang='lat' dir='ltr'><strong>despicabilem,</strong></span> <span class='ocrx_word' id='word_1_275' title='bbox 915 4017 972 4062; x_wconf 89' lang='lat' dir='ltr'><strong>et</strong></span> <span class='ocrx_word' id='word_1_276' title='bbox 1002 4019 1264 4079; x_wconf 90' lang='lat' dir='ltr'><strong>superatu</strong></span> <span class='ocrx_word' id='word_1_277' title='bbox 1295 4011 1633 4075; x_wconf 86' lang='lat' dir='ltr'><strong>facillimam.</strong></span> <span class='ocrx_word' id='word_1_278' title='bbox 1681 4026 1906 4086; x_wconf 90' lang='lat' dir='ltr'><strong>propter</strong></span> <span class='ocrx_word' id='word_1_279' title='bbox 1950 4021 2039 4076; x_wconf 89' lang='lat' dir='ltr'><strong>lit-</strong></span> 
     </span>
    </p>
   </div>
   <div class='ocr_carea' id='block_1_44' title="bbox 471 4100 2038 4178">
    <p class='ocr_par' dir='ltr' id='par_1_44' title="bbox 471 4100 2038 4178">
     <span class='ocr_line' id='line_1_44' title="bbox 471 4100 2038 4178; baseline 0.013 -33"><span class='ocrx_word' id='word_1_280' title='bbox 471 4101 618 4147; x_wconf 84' lang='lat' dir='ltr'><strong>teras</strong></span> <span class='ocrx_word' id='word_1_281' title='bbox 648 4109 676 4147; x_wconf 90' lang='lat' dir='ltr'><strong>a</strong></span> <span class='ocrx_word' id='word_1_282' title='bbox 707 4109 908 4165; x_wconf 78' lang='lat' dir='ltr'><strong>genere</strong></span> <span class='ocrx_word' id='word_1_283' title='bbox 963 4114 1064 4154; x_wconf 90' lang='lat' dir='ltr'><strong>suo</strong></span> <span class='ocrx_word' id='word_1_284' title='bbox 1123 4100 1434 4159; x_wconf 87' lang='lat' dir='ltr'><strong>immutatas</strong></span> <span class='ocrx_word' id='word_1_285' title='bbox 1476 4108 1793 4172; x_wconf 89' lang='lat' dir='ltr'><strong>revertisse,</strong></span> <span class='ocrx_word' id='word_1_286' title='bbox 1851 4119 2038 4178; x_wconf 88' lang='lat' dir='ltr'><strong>aperte</strong></span> 
     </span>
    </p>
   </div>
   <div class='ocr_carea' id='block_1_45' title="bbox 471 4187 2037 4270">
    <p class='ocr_par' dir='ltr' id='par_1_45' title="bbox 471 4187 2037 4270">
     <span class='ocr_line' id='line_1_45' title="bbox 471 4187 2037 4270; baseline 0.013 -34"><span class='ocrx_word' id='word_1_287' title='bbox 471 4188 807 4253; x_wconf 85' lang='lat' dir='ltr'><strong>succensuit,</strong></span> <span class='ocrx_word' id='word_1_288' title='bbox 843 4187 1154 4259; x_wconf 87' lang='lat' dir='ltr'><strong>acriterque</strong></span> <span class='ocrx_word' id='word_1_289' title='bbox 1185 4191 1467 4248; x_wconf 87' lang='lat' dir='ltr'><strong>hominem</strong></span> <span class='ocrx_word' id='word_1_290' title='bbox 1500 4195 1794 4267; x_wconf 90' lang='lat' dir='ltr'><strong>increpuit,</strong></span> <span class='ocrx_word' id='word_1_291' title='bbox 1819 4201 1910 4269; x_wconf 92' lang='lat' dir='ltr'><strong>qui</strong></span> <span class='ocrx_word' id='word_1_292' title='bbox 1939 4216 2037 4270; x_wconf 90' lang='lat' dir='ltr'><strong>per</strong></span> 
     </span>
    </p>
   </div>
   <div class='ocr_carea' id='block_1_46' title="bbox 467 4275 2035 4353">
    <p class='ocr_par' dir='ltr' id='par_1_46' title="bbox 467 4275 2035 4353">
     <span class='ocr_line' id='line_1_46' title="bbox 467 4275 2035 4353; baseline 0.012 -25"><span class='ocrx_word' id='word_1_293' title='bbox 467 4275 756 4332; x_wconf 85' lang='lat' dir='ltr'><strong>stultitiam</strong></span> <span class='ocrx_word' id='word_1_294' title='bbox 810 4295 964 4333; x_wconf 90' lang='lat' dir='ltr'><strong>suam</strong></span> <span class='ocrx_word' id='word_1_295' title='bbox 1017 4281 1164 4337; x_wconf 89' lang='lat' dir='ltr'><strong>hosti</strong></span> <span class='ocrx_word' id='word_1_296' title='bbox 1214 4283 1532 4353; x_wconf 83' lang='lat' dir='ltr'><strong>profuisset.</strong></span> <span class='ocrx_word' id='word_1_297' title='bbox 1605 4289 1682 4344; x_wconf 75' lang='lat' dir='ltr'><strong>Ac</strong></span> <span class='ocrx_word' id='word_1_298' title='bbox 1761 4291 1914 4346; x_wconf 89' lang='lat' dir='ltr'><strong>multi</strong></span> <span class='ocrx_word' id='word_1_299' title='bbox 1966 4292 2035 4347; x_wconf 91' lang='lat' dir='ltr'><strong>de</strong></span> 
     </span>
    </p>
   </div>
   <div class='ocr_carea' id='block_1_47' title="bbox 467 4365 2032 4438">
    <p class='ocr_par' dir='ltr' id='par_1_47' title="bbox 467 4365 2032 4438">
     <span class='ocr_line' id='line_1_47' title="bbox 467 4365 2032 4438; baseline 0.012 -19"><span class='ocrx_word' id='word_1_300' title='bbox 467 4365 784 4435; x_wconf 79' lang='lat' dir='ltr'><strong>Apocauchi</strong></span> <span class='ocrx_word' id='word_1_301' title='bbox 822 4369 1061 4426; x_wconf 81' lang='lat' dir='ltr'><strong>factione</strong></span> <span class='ocrx_word' id='word_1_302' title='bbox 1106 4375 1270 4428; x_wconf 87' lang='lat' dir='ltr'><strong>etiam</strong></span> <span class='ocrx_word' id='word_1_303' title='bbox 1309 4375 1366 4430; x_wconf 90' lang='lat' dir='ltr'><strong>in</strong></span> <span class='ocrx_word' id='word_1_304' title='bbox 1417 4378 1623 4434; x_wconf 86' lang='lat' dir='ltr'><strong>crimen</strong></span> <span class='ocrx_word' id='word_1_305' title='bbox 1659 4380 1872 4436; x_wconf 71' lang='lat' dir='ltr'><strong>violatae</strong></span> <span class='ocrx_word' id='word_1_306' title='bbox 1908 4383 2032 4438; x_wconf 82' lang='lat' dir='ltr'><strong>fidei</strong></span> 
     </span>
    </p>
   </div>
   <div class='ocr_carea' id='block_1_48' title="bbox 467 4456 2032 4545">
    <p class='ocr_par' dir='ltr' id='par_1_48' title="bbox 467 4456 2032 4545">
     <span class='ocr_line' id='line_1_48' title="bbox 467 4456 2032 4545; baseline 0.015 -37"><span class='ocrx_word' id='word_1_307' title='bbox 467 4466 922 4525; x_wconf 84' lang='lat' dir='ltr'><strong>protostratorem</strong></span> <span class='ocrx_word' id='word_1_308' title='bbox 984 4465 1272 4530; x_wconf 86' lang='lat' dir='ltr'><strong>vocabant,</strong></span> <span class='ocrx_word' id='word_1_309' title='bbox 1329 4467 1590 4525; x_wconf 88' lang='lat' dir='ltr'><strong>scientem</strong></span> <span class='ocrx_word' id='word_1_310' title='bbox 1649 4456 2032 4545; x_wconf 87' lang='lat' dir='ltr'><strong>volentemque</strong></span> 
     </span>
    </p>
   </div>
   <div class='ocr_carea' id='block_1_49' title="bbox 2155 619 3721 699">
    <p class='ocr_par' dir='ltr' id='par_1_49' title="bbox 2155 619 3721 699">
     <span class='ocr_line' id='line_1_49' title="bbox 2155 619 3721 699; baseline 0.003 -23"><span class='ocrx_word' id='word_1_311' title='bbox 2155 619 2315 688; x_wconf 82' lang='grc' dir='ltr'>αὖθις</span> <span class='ocrx_word' id='word_1_312' title='bbox 2341 626 2701 696; x_wconf 85' lang='grc' dir='ltr'>ἐπανέρχοιτο</span> <span class='ocrx_word' id='word_1_313' title='bbox 2736 627 2816 690; x_wconf 81' lang='grc' dir='ltr'><strong>είς</strong></span> <span class='ocrx_word' id='word_1_314' title='bbox 2845 628 3244 698; x_wconf 83' lang='grc' dir='ltr'>Διδυμότειχον,</span> <span class='ocrx_word' id='word_1_315' title='bbox 3279 630 3721 699; x_wconf 66' lang='grc' dir='ltr'>πρωτοπράτωρ</span> 
     </span>
    </p>
   </div>
   <div class='ocr_carea' id='block_1_50' title="bbox 2153 713 3723 788">
    <p class='ocr_par' dir='ltr' id='par_1_50' title="bbox 2153 713 3723 788">
     <span class='ocr_line' id='line_1_50' title="bbox 2153 713 3723 788; baseline 0.004 -25"><span class='ocrx_word' id='word_1_316' title='bbox 2153 726 2213 764; x_wconf 81' lang='grc' dir='ltr'><strong>τε</strong></span> <span class='ocrx_word' id='word_1_317' title='bbox 2239 713 2532 783; x_wconf 78' lang='grc' dir='ltr'><strong>συμπάσης</strong></span> <span class='ocrx_word' id='word_1_318' title='bbox 2563 715 2733 783; x_wconf 79' lang='grc' dir='ltr'>πεζῆς</span> <span class='ocrx_word' id='word_1_319' title='bbox 2768 717 2862 769; x_wconf 69' lang='grc' dir='ltr'>καὶ</span> <span class='ocrx_word' id='word_1_320' title='bbox 2907 717 3141 786; x_wconf 77' lang='grc' dir='ltr'><strong>ἱππικῆς</strong></span> <span class='ocrx_word' id='word_1_321' title='bbox 3171 717 3461 786; x_wconf 80' lang='grc' dir='ltr'>δυνάμεως</span> <span class='ocrx_word' id='word_1_322' title='bbox 3496 735 3723 788; x_wconf 71' lang='grc' dir='ltr'>στρατη-</span> 
     </span>
    </p>
   </div>
   <div class='ocr_carea' id='block_1_51' title="bbox 2154 803 3723 878">
    <p class='ocr_par' dir='ltr' id='par_1_51' title="bbox 2154 803 3723 878">
     <span class='ocr_line' id='line_1_51' title="bbox 2154 803 3723 878; baseline 0.006 -25"><span class='ocrx_word' id='word_1_323' title='bbox 2154 803 2267 872; x_wconf 82' lang='grc' dir='ltr'><strong>γῶν</strong></span> <span class='ocrx_word' id='word_1_324' title='bbox 2299 804 2503 875; x_wconf 76' lang='grc' dir='ltr'>πολλὴν</span> <span class='ocrx_word' id='word_1_325' title='bbox 2556 805 2695 876; x_wconf 79' lang='grc' dir='ltr'>ἔχων</span> <span class='ocrx_word' id='word_1_326' title='bbox 2725 806 2952 877; x_wconf 86' lang='grc' dir='ltr'>δύναμιν</span> <span class='ocrx_word' id='word_1_327' title='bbox 2979 810 3060 872; x_wconf 86' lang='grc' dir='ltr'><strong>είς</strong></span> <span class='ocrx_word' id='word_1_328' title='bbox 3100 810 3480 877; x_wconf 61' lang='grc' dir='ltr'>Περώεὼριον</span> <span class='ocrx_word' id='word_1_329' title='bbox 3506 811 3723 878; x_wconf 73' lang='grc' dir='ltr'>ἀφῖκτο,</span> 
     </span>
    </p>
   </div>
   <div class='ocr_carea' id='block_1_52' title="bbox 2155 896 3727 970">
    <p class='ocr_par' dir='ltr' id='par_1_52' title="bbox 2155 896 3727 970">
     <span class='ocr_line' id='line_1_52' title="bbox 2155 896 3727 970; baseline 0.005 -24"><span class='ocrx_word' id='word_1_330' title='bbox 2155 896 2248 947; x_wconf 74' lang='grc' dir='ltr'>καὶ</span> <span class='ocrx_word' id='word_1_331' title='bbox 2286 897 2618 967; x_wconf 82' lang='grc' dir='ltr'>Ἀπόκαυχος</span> <span class='ocrx_word' id='word_1_332' title='bbox 2645 899 2674 950; x_wconf 94' lang='lat'><strong>6</strong></span> <span class='ocrx_word' id='word_1_333' title='bbox 2702 899 2876 968; x_wconf 80' lang='grc' dir='ltr'>μέγας</span> <span class='ocrx_word' id='word_1_334' title='bbox 2905 899 3030 964; x_wconf 74' lang='grc' dir='ltr'>δοὺξ</span> <span class='ocrx_word' id='word_1_335' title='bbox 3065 900 3124 964; x_wconf 75' lang='grc' dir='ltr'>ἐξ</span> <span class='ocrx_word' id='word_1_336' title='bbox 3176 901 3568 970; x_wconf 79' lang='grc' dir='ltr'>Ἀμφιπόλεως</span> <span class='ocrx_word' id='word_1_337' title='bbox 3616 905 3727 964; x_wconf 80' lang='grc' dir='ltr'>ταῖς</span> 
     </span>
    </p>
   </div>
   <div class='ocr_carea' id='block_1_53' title="bbox 2155 985 3727 1062">
    <p class='ocr_par' dir='ltr' id='par_1_53' title="bbox 2155 985 3727 1062">
     <span class='ocr_line' id='line_1_53' title="bbox 2155 985 3727 1062; baseline 0.005 -25"><span class='ocrx_word' id='word_1_338' title='bbox 2155 985 2530 1058; x_wconf 77' lang='grc' dir='ltr'>ἐσδομήκοντα</span> <span class='ocrx_word' id='word_1_339' title='bbox 2583 991 2774 1043; x_wconf 72' lang='grc' dir='ltr'>ναυσὶν</span> <span class='ocrx_word' id='word_1_340' title='bbox 2806 992 3168 1062; x_wconf 82' lang='grc' dir='ltr'><strong>ἀναστρέφων</strong></span> <span class='ocrx_word' id='word_1_341' title='bbox 3219 995 3320 1062; x_wconf 76' lang='grc' dir='ltr'>τῆς</span> <span class='ocrx_word' id='word_1_342' title='bbox 3363 993 3543 1061; x_wconf 71' lang='grc' dir='ltr'>αἰτῆς</span> <span class='ocrx_word' id='word_1_343' title='bbox 3571 994 3727 1046; x_wconf 71' lang='grc' dir='ltr'>ἕνεκα</span> 
     </span>
    </p>
   </div>
   <div class='ocr_carea' id='block_1_54' title="bbox 2155 1077 3728 1152">
    <p class='ocr_par' dir='ltr' id='par_1_54' title="bbox 2155 1077 3728 1152">
     <span class='ocr_line' id='line_1_54' title="bbox 2155 1077 3728 1152; baseline 0.006 -23"><span class='ocrx_word' id='word_1_344' title='bbox 2155 1077 2356 1141; x_wconf 80' lang='grc' dir='ltr'>αἰτίας,</span> <span class='ocrx_word' id='word_1_345' title='bbox 2402 1079 2544 1148; x_wconf 72' lang='grc' dir='ltr'>ἔγνω</span> <span class='ocrx_word' id='word_1_346' title='bbox 2577 1080 2688 1133; x_wconf 77' lang='grc' dir='ltr'>δεῖν</span> <span class='ocrx_word' id='word_1_347' title='bbox 2737 1083 3053 1151; x_wconf 81' lang='grc' dir='ltr'>περιμένειν</span> <span class='ocrx_word' id='word_1_348' title='bbox 3104 1085 3196 1136; x_wconf 79' lang='grc' dir='ltr'>καὶ</span> <span class='ocrx_word' id='word_1_349' title='bbox 3246 1084 3411 1146; x_wconf 75' lang='grc' dir='ltr'>αὐτὸς</span> <span class='ocrx_word' id='word_1_350' title='bbox 3463 1084 3728 1152; x_wconf 54' lang='grc' dir='ltr'>μετὰτῖκ</span> 
     </span>
    </p>
   </div>
   <div class='ocr_carea' id='block_1_55' title="bbox 2155 1169 3726 1244">
    <p class='ocr_par' dir='ltr' id='par_1_55' title="bbox 2155 1169 3726 1244">
     <span class='ocr_line' id='line_1_55' title="bbox 2155 1169 3726 1244; baseline 0.004 -22"><span class='ocrx_word' id='word_1_351' title='bbox 2155 1169 2325 1240; x_wconf 78' lang='grc' dir='ltr'>ἄλλης</span> <span class='ocrx_word' id='word_1_352' title='bbox 2357 1175 2639 1240; x_wconf 72' lang='grc' dir='ltr'>στρατιᾶς,</span> <span class='ocrx_word' id='word_1_353' title='bbox 2673 1173 2766 1226; x_wconf 70' lang='grc' dir='ltr'>καὶ</span> <span class='ocrx_word' id='word_1_354' title='bbox 2799 1172 3012 1242; x_wconf 89' lang='grc' dir='ltr'>βασιλεῖ</span> <span class='ocrx_word' id='word_1_355' title='bbox 3053 1175 3155 1244; x_wconf 74' lang='grc' dir='ltr'>τὴν</span> <span class='ocrx_word' id='word_1_356' title='bbox 3184 1175 3448 1227; x_wconf 74' lang='grc' dir='ltr'>ἐπάνοδον</span> <span class='ocrx_word' id='word_1_357' title='bbox 3476 1174 3726 1229; x_wconf 64' lang='grc' dir='ltr'>κωλύειν.</span> 
     </span>
    </p>
   </div>
   <div class='ocr_carea' id='block_1_56' title="bbox 2155 1261 3731 1335">
    <p class='ocr_par' dir='ltr' id='par_1_56' title="bbox 2155 1261 3731 1335">
     <span class='ocr_line' id='line_1_56' title="bbox 2155 1261 3731 1335; baseline 0.003 -23"><span class='ocrx_word' id='word_1_358' title='bbox 2155 1261 2277 1314; x_wconf 83' lang='grc' dir='ltr'><strong>Τῶν</strong></span> <span class='ocrx_word' id='word_1_359' title='bbox 2306 1261 2440 1316; x_wconf 85' lang='grc' dir='ltr'>όδῶν</span> <span class='ocrx_word' id='word_1_360' title='bbox 2477 1263 2534 1316; x_wconf 77' lang='grc' dir='ltr'>δὶ</span> <span class='ocrx_word' id='word_1_361' title='bbox 2561 1265 2636 1327; x_wconf 79' lang='grc' dir='ltr'>ὡς</span> <span class='ocrx_word' id='word_1_362' title='bbox 2665 1264 2785 1328; x_wconf 72' lang='grc' dir='ltr'>ἔθος</span> <span class='ocrx_word' id='word_1_363' title='bbox 2809 1265 3257 1335; x_wconf 73' lang='grc' dir='ltr'><strong>φυλαττομένων,</strong></span> <span class='ocrx_word' id='word_1_364' title='bbox 3293 1267 3379 1317; x_wconf 80' lang='grc' dir='ltr'>ἵνα</span> <span class='ocrx_word' id='word_1_365' title='bbox 3429 1265 3507 1334; x_wconf 76' lang='grc' dir='ltr'>μὴ</span> <span class='ocrx_word' id='word_1_366' title='bbox 3538 1265 3731 1317; x_wconf 71' lang='grc' dir='ltr'>λανθα-</span> 
     </span>
    </p>
   </div>
   <div class='ocr_carea' id='block_1_57' title="bbox 2154 1353 3729 1426">
    <p class='ocr_par' dir='ltr' id='par_1_57' title="bbox 2154 1353 3729 1426">
     <span class='ocr_line' id='line_1_57' title="bbox 2154 1353 3729 1426; baseline 0.002 -23"><span class='ocrx_word' id='word_1_367' title='bbox 2154 1366 2298 1404; x_wconf 83' lang='grc' dir='ltr'>νοιεν</span> <span class='ocrx_word' id='word_1_368' title='bbox 2343 1353 2406 1405; x_wconf 82' lang='grc' dir='ltr'><strong>ἐκ</strong></span> <span class='ocrx_word' id='word_1_369' title='bbox 2450 1353 2836 1425; x_wconf 82' lang='grc' dir='ltr'>Διδυμοτείχου</span> <span class='ocrx_word' id='word_1_370' title='bbox 2889 1355 2922 1424; x_wconf 80' lang='grc' dir='ltr'>ἢ</span> <span class='ocrx_word' id='word_1_371' title='bbox 2979 1354 3251 1426; x_wconf 83' lang='grc' dir='ltr'>βασιλέως</span> <span class='ocrx_word' id='word_1_372' title='bbox 3290 1355 3427 1422; x_wconf 59' lang='lat' dir='ltr'><strong>apii;</strong></span> <span class='ocrx_word' id='word_1_373' title='bbox 3463 1355 3729 1424; x_wconf 75' lang='grc' dir='ltr'>ἀλλήλους</span> 
     </span>
    </p>
   </div>
   <div class='ocr_carea' id='block_1_58' title="bbox 2155 1440 3725 1514">
    <p class='ocr_par' dir='ltr' id='par_1_58' title="bbox 2155 1440 3725 1514">
     <span class='ocr_line' id='line_1_58' title="bbox 2155 1440 3725 1514; baseline 0.001 -22"><span class='ocrx_word' id='word_1_374' title='bbox 2155 1440 2543 1512; x_wconf 87' lang='grc' dir='ltr'>ἀφικνούμενοί</span> <span class='ocrx_word' id='word_1_375' title='bbox 2568 1459 2734 1506; x_wconf 86' lang='grc' dir='ltr'>τινες,</span> <span class='ocrx_word' id='word_1_376' title='bbox 2765 1446 2792 1497; x_wconf 90' lang='lat'><strong>6</strong></span> <span class='ocrx_word' id='word_1_377' title='bbox 2824 1445 2895 1497; x_wconf 86' lang='grc' dir='ltr'><strong>τά</strong></span> <span class='ocrx_word' id='word_1_378' title='bbox 2919 1444 3222 1514; x_wconf 78' lang='grc' dir='ltr'>γράμματα</span> <span class='ocrx_word' id='word_1_379' title='bbox 3253 1444 3504 1513; x_wconf 78' lang='grc' dir='ltr'><strong>κατέχων</strong></span> <span class='ocrx_word' id='word_1_380' title='bbox 3532 1443 3725 1504; x_wconf 77' lang='grc' dir='ltr'>ταῦτα,</span> 
     </span>
    </p>
   </div>
   <div class='ocr_carea' id='block_1_59' title="bbox 2157 1525 3730 1601">
    <p class='ocr_par' dir='ltr' id='par_1_59' title="bbox 2157 1525 3730 1601">
     <span class='ocr_line' id='line_1_59' title="bbox 2157 1525 3730 1601; baseline 0.005 -24"><span class='ocrx_word' id='word_1_381' title='bbox 2157 1525 2466 1597; x_wconf 75' lang='grc' dir='ltr'>συνελήφθη</span> <span class='ocrx_word' id='word_1_382' title='bbox 2501 1528 2597 1582; x_wconf 80' lang='grc' dir='ltr'>καὶ</span> <span class='ocrx_word' id='word_1_383' title='bbox 2627 1530 2766 1599; x_wconf 68' lang='grc' dir='ltr'>ἤχθη</span> <span class='ocrx_word' id='word_1_384' title='bbox 2807 1531 2942 1600; x_wconf 72' lang='grc' dir='ltr'>πρὸς</span> <span class='ocrx_word' id='word_1_385' title='bbox 2972 1532 3442 1601; x_wconf 61' lang='grc' dir='ltr'>πῳτοστράτορα</span> <span class='ocrx_word' id='word_1_386' title='bbox 3464 1549 3478 1561; x_wconf 75' lang='grc' dir='ltr'><strong>ο</strong></span> <span class='ocrx_word' id='word_1_387' title='bbox 3508 1534 3730 1601; x_wconf 67' lang='grc' dir='ltr'>ἀνερευ-</span> 
     </span>
    </p>
   </div>
   <div class='ocr_carea' id='block_1_60' title="bbox 2155 1615 3730 1694">
    <p class='ocr_par' dir='ltr' id='par_1_60' title="bbox 2155 1615 3730 1694">
     <span class='ocr_line' id='line_1_60' title="bbox 2155 1615 3730 1694; baseline 0.005 -26"><span class='ocrx_word' id='word_1_388' title='bbox 2155 1615 2395 1686; x_wconf 83' lang='grc' dir='ltr'>νώμενος</span> <span class='ocrx_word' id='word_1_389' title='bbox 2427 1619 2484 1672; x_wconf 79' lang='grc' dir='ltr'>δὲ</span> <span class='ocrx_word' id='word_1_390' title='bbox 2532 1621 2661 1689; x_wconf 79' lang='grc' dir='ltr'>περὶ</span> <span class='ocrx_word' id='word_1_391' title='bbox 2703 1621 3076 1692; x_wconf 77' lang='grc' dir='ltr'><strong>γραμμάτων,</strong></span> <span class='ocrx_word' id='word_1_392' title='bbox 3109 1624 3382 1694; x_wconf 76' lang='grc' dir='ltr'><strong>ὡμολόγει</strong></span> <span class='ocrx_word' id='word_1_393' title='bbox 3412 1625 3586 1694; x_wconf 76' lang='grc' dir='ltr'>ἔχειν,</span> <span class='ocrx_word' id='word_1_394' title='bbox 3639 1630 3730 1677; x_wconf 76' lang='grc' dir='ltr'>καὶ</span> 
     </span>
    </p>
   </div>
   <div class='ocr_carea' id='block_1_61' title="bbox 2155 1709 3730 1783">
    <p class='ocr_par' dir='ltr' id='par_1_61' title="bbox 2155 1709 3730 1783">
     <span class='ocr_line' id='line_1_61' title="bbox 2155 1709 3730 1783; baseline 0.004 -22"><span class='ocrx_word' id='word_1_395' title='bbox 2155 1709 2451 1780; x_wconf 86' lang='grc' dir='ltr'>παρείχετο</span> <span class='ocrx_word' id='word_1_396' title='bbox 2503 1710 2699 1773; x_wconf 81' lang='grc' dir='ltr'>εὐθύς·</span> <span class='ocrx_word' id='word_1_397' title='bbox 2733 1713 2802 1765; x_wconf 84' lang='grc' dir='ltr'><strong>τὰ</strong></span> <span class='ocrx_word' id='word_1_398' title='bbox 2850 1711 2905 1765; x_wconf 72' lang='grc' dir='ltr'>δὲ</span> <span class='ocrx_word' id='word_1_399' title='bbox 2955 1713 3125 1766; x_wconf 79' lang='grc' dir='ltr'>ἐδεῖτο</span> <span class='ocrx_word' id='word_1_400' title='bbox 3184 1713 3454 1783; x_wconf 80' lang='grc' dir='ltr'>βασιλέως</span> <span class='ocrx_word' id='word_1_401' title='bbox 3500 1717 3730 1783; x_wconf 71' lang='grc' dir='ltr'>τάχιστα</span> 
     </span>
    </p>
   </div>
   <div class='ocr_carea' id='block_1_62' title="bbox 2155 1800 3728 1889">
    <p class='ocr_par' dir='ltr' id='par_1_62' title="bbox 2155 1800 3728 1889">
     <span class='ocr_line' id='line_1_62' title="bbox 2155 1800 3728 1889; baseline 0.003 -37"><span class='ocrx_word' id='word_1_402' title='bbox 2155 1800 2312 1870; x_wconf 69' lang='grc' dir='ltr'>ἥκειν</span> <span class='ocrx_word' id='word_1_403' title='bbox 2364 1800 2502 1872; x_wconf 78' lang='grc' dir='ltr'>πρὸς</span> <span class='ocrx_word' id='word_1_404' title='bbox 2540 1802 2738 1866; x_wconf 79' lang='grc' dir='ltr'>αὐτοὺς</span> <span class='ocrx_word' id='word_1_405' title='bbox 2775 1803 2869 1857; x_wconf 71' lang='grc' dir='ltr'>καὶ</span> <span class='ocrx_word' id='word_1_406' title='bbox 2917 1803 2991 1874; x_wconf 78' lang='grc' dir='ltr'>μὴ</span> <span class='ocrx_word' id='word_1_407' title='bbox 3027 1805 3322 1874; x_wconf 67' lang='grc' dir='ltr'>ῥᾳθυμεῖν.</span> <span class='ocrx_word' id='word_1_408' title='bbox 3355 1806 3484 1889; x_wconf 56' lang='lat' dir='ltr'><strong>Tib!</strong></span> <span class='ocrx_word' id='word_1_409' title='bbox 3529 1807 3641 1875; x_wconf 73' lang='grc' dir='ltr'><strong>γαρ</strong></span> <span class='ocrx_word' id='word_1_410' title='bbox 3675 1809 3728 1858; x_wconf 80' lang='grc' dir='ltr'><strong>ὲν</strong></span> 
     </span>
    </p>
   </div>
   <div class='ocr_carea' id='block_1_63' title="bbox 2086 1881 3727 1965">
    <p class='ocr_par' dir='ltr' id='par_1_63' title="bbox 2086 1881 3727 1965">
     <span class='ocr_line' id='line_1_63' title="bbox 2086 1881 3727 1965; baseline 0.004 -23"><span class='ocrx_word' id='word_1_411' title='bbox 2086 1881 2130 1936; x_wconf 82' lang='grc' dir='ltr'><strong><em>Β</em></strong></span> <span class='ocrx_word' id='word_1_412' title='bbox 2157 1891 2520 1962; x_wconf 86' lang='grc' dir='ltr'>Διδυμοτείχῳ</span> <span class='ocrx_word' id='word_1_413' title='bbox 2574 1893 2635 1946; x_wconf 80' lang='grc' dir='ltr'><strong>τὸ</strong></span> <span class='ocrx_word' id='word_1_414' title='bbox 2689 1894 2790 1963; x_wconf 77' lang='grc' dir='ltr'>μὲν</span> <span class='ocrx_word' id='word_1_415' title='bbox 2850 1896 3245 1965; x_wconf 78' lang='grc' dir='ltr'>στρατιωτικὸν</span> <span class='ocrx_word' id='word_1_416' title='bbox 3296 1881 3488 1960; x_wconf 72' lang='grc' dir='ltr'>ίππεῐς</span> <span class='ocrx_word' id='word_1_417' title='bbox 3536 1915 3599 1950; x_wconf 85' lang='grc' dir='ltr'><strong>τε</strong></span> <span class='ocrx_word' id='word_1_418' title='bbox 3633 1899 3727 1950; x_wconf 77' lang='grc' dir='ltr'>καὶ</span> 
     </span>
    </p>
   </div>
   <div class='ocr_carea' id='block_1_64' title="bbox 2154 1981 3726 2057">
    <p class='ocr_par' dir='ltr' id='par_1_64' title="bbox 2154 1981 3726 2057">
     <span class='ocr_line' id='line_1_64' title="bbox 2154 1981 3726 2057; baseline 0.004 -22"><span class='ocrx_word' id='word_1_419' title='bbox 2154 1981 2308 2046; x_wconf 76' lang='grc' dir='ltr'>πεζοὶ</span> <span class='ocrx_word' id='word_1_420' title='bbox 2351 1983 2420 2036; x_wconf 89' lang='grc' dir='ltr'><strong>τά</strong></span> <span class='ocrx_word' id='word_1_421' title='bbox 2465 1983 2606 2037; x_wconf 88' lang='grc' dir='ltr'><strong>κατά</strong></span> <span class='ocrx_word' id='word_1_422' title='bbox 2641 1983 2867 2055; x_wconf 83' lang='grc' dir='ltr'><strong>Θρᾴκην</strong></span> <span class='ocrx_word' id='word_1_423' title='bbox 2899 1987 3074 2056; x_wconf 89' lang='grc' dir='ltr'>χωρία</span> <span class='ocrx_word' id='word_1_424' title='bbox 3107 1987 3424 2055; x_wconf 73' lang='grc' dir='ltr'>ληϊζόμενοι</span> <span class='ocrx_word' id='word_1_425' title='bbox 3469 1989 3726 2057; x_wconf 63' lang='grc' dir='ltr'>ἀφορμὰς</span> 
     </span>
    </p>
   </div>
   <div class='ocr_carea' id='block_1_65' title="bbox 2149 2074 3728 2150">
    <p class='ocr_par' dir='ltr' id='par_1_65' title="bbox 2149 2074 3728 2150">
     <span class='ocr_line' id='line_1_65' title="bbox 2149 2074 3728 2150; baseline 0.003 -22"><span class='ocrx_word' id='word_1_426' title='bbox 2149 2074 2245 2128; x_wconf 82' lang='grc' dir='ltr'><strong>τοῦ</strong></span> <span class='ocrx_word' id='word_1_427' title='bbox 2279 2074 2398 2145; x_wconf 88' lang='grc' dir='ltr'>βίου</span> <span class='ocrx_word' id='word_1_428' title='bbox 2423 2075 2726 2131; x_wconf 81' lang='grc' dir='ltr'>ἐποιοῦντο.</span> <span class='ocrx_word' id='word_1_429' title='bbox 2768 2077 3003 2148; x_wconf 81' lang='grc' dir='ltr'>Ὁμοίως</span> <span class='ocrx_word' id='word_1_430' title='bbox 3032 2078 3089 2131; x_wconf 85' lang='grc' dir='ltr'>δὲ</span> <span class='ocrx_word' id='word_1_431' title='bbox 3122 2080 3218 2131; x_wconf 78' lang='grc' dir='ltr'>καὶ</span> <span class='ocrx_word' id='word_1_432' title='bbox 3258 2080 3608 2150; x_wconf 73' lang='grc' dir='ltr'><strong>χειροτέχναι</strong></span> <span class='ocrx_word' id='word_1_433' title='bbox 3637 2082 3728 2133; x_wconf 81' lang='grc' dir='ltr'>καὶ</span> 
     </span>
    </p>
   </div>
   <div class='ocr_carea' id='block_1_66' title="bbox 2150 2163 3727 2238">
    <p class='ocr_par' dir='ltr' id='par_1_66' title="bbox 2150 2163 3727 2238">
     <span class='ocr_line' id='line_1_66' title="bbox 2150 2163 3727 2238; baseline 0.001 -19"><span class='ocrx_word' id='word_1_434' title='bbox 2150 2163 2300 2219; x_wconf 75' lang='grc' dir='ltr'>ἄλλοι</span> <span class='ocrx_word' id='word_1_435' title='bbox 2332 2164 2478 2228; x_wconf 81' lang='grc' dir='ltr'>ὅσοις</span> <span class='ocrx_word' id='word_1_436' title='bbox 2519 2167 2547 2218; x_wconf 91' lang='lat'><strong>6</strong></span> <span class='ocrx_word' id='word_1_437' title='bbox 2581 2164 2697 2232; x_wconf 90' lang='grc' dir='ltr'>βίος</span> <span class='ocrx_word' id='word_1_438' title='bbox 2725 2183 2794 2237; x_wconf 91' lang='grc' dir='ltr'><strong>ην</strong></span> <span class='ocrx_word' id='word_1_439' title='bbox 2826 2168 2890 2219; x_wconf 85' lang='grc' dir='ltr'><strong>ἐκ</strong></span> <span class='ocrx_word' id='word_1_440' title='bbox 2925 2165 3036 2220; x_wconf 86' lang='grc' dir='ltr'><strong>τῶν</strong></span> <span class='ocrx_word' id='word_1_441' title='bbox 3079 2168 3286 2238; x_wconf 79' lang='grc' dir='ltr'>χειρῶν</span> <span class='ocrx_word' id='word_1_442' title='bbox 3315 2168 3610 2231; x_wconf 81' lang='grc' dir='ltr'>πονοῦντες</span> <span class='ocrx_word' id='word_1_443' title='bbox 3637 2171 3727 2221; x_wconf 79' lang='grc' dir='ltr'>καὶ</span> 
     </span>
    </p>
   </div>
   <div class='ocr_carea' id='block_1_67' title="bbox 2149 2256 3721 2330">
    <p class='ocr_par' dir='ltr' id='par_1_67' title="bbox 2149 2256 3721 2330">
     <span class='ocr_line' id='line_1_67' title="bbox 2149 2256 3721 2330; baseline 0.003 -21"><span class='ocrx_word' id='word_1_444' title='bbox 2149 2256 2538 2327; x_wconf 81' lang='grc' dir='ltr'>ἐργαζόμενοι,</span> <span class='ocrx_word' id='word_1_445' title='bbox 2585 2257 2778 2322; x_wconf 78' lang='grc' dir='ltr'>διέζων</span> <span class='ocrx_word' id='word_1_446' title='bbox 2829 2259 2936 2311; x_wconf 86' lang='grc' dir='ltr'><strong>τῶν</strong></span> <span class='ocrx_word' id='word_1_447' title='bbox 2987 2261 3306 2328; x_wconf 77' lang='grc' dir='ltr'>ἀναγκαίων</span> <span class='ocrx_word' id='word_1_448' title='bbox 3338 2260 3721 2330; x_wconf 71' lang='grc' dir='ltr'>εὐποροῦντες.</span> 
     </span>
    </p>
   </div>
   <div class='ocr_carea' id='block_1_68' title="bbox 2150 2337 3720 2424">
    <p class='ocr_par' dir='ltr' id='par_1_68' title="bbox 2150 2337 3720 2424">
     <span class='ocr_line' id='line_1_68' title="bbox 2150 2337 3720 2424; baseline 0.002 -21"><span class='ocrx_word' id='word_1_449' title='bbox 2150 2351 2213 2403; x_wconf 79' lang='lat' dir='ltr'><strong>Oi</strong></span> <span class='ocrx_word' id='word_1_450' title='bbox 2245 2351 2398 2419; x_wconf 87' lang='grc' dir='ltr'>μέσοι</span> <span class='ocrx_word' id='word_1_451' title='bbox 2427 2351 2486 2404; x_wconf 74' lang='grc' dir='ltr'><strong>δέ</strong></span> <span class='ocrx_word' id='word_1_452' title='bbox 2512 2351 2619 2404; x_wconf 85' lang='grc' dir='ltr'><strong>τῶν</strong></span> <span class='ocrx_word' id='word_1_453' title='bbox 2657 2337 2892 2406; x_wconf 68' lang='grc' dir='ltr'>πολιτῶν</span> <span class='ocrx_word' id='word_1_454' title='bbox 2951 2353 3090 2406; x_wconf 74' lang='grc' dir='ltr'>πάνυ</span> <span class='ocrx_word' id='word_1_455' title='bbox 3123 2354 3404 2424; x_wconf 87' lang='grc' dir='ltr'>κραταιῶς</span> <span class='ocrx_word' id='word_1_456' title='bbox 3438 2354 3720 2416; x_wconf 71' lang='grc' dir='ltr'>ἐπιέζοντο</span> 
     </span>
    </p>
   </div>
   <div class='ocr_carea' id='block_1_69' title="bbox 2149 2441 3719 2518">
    <p class='ocr_par' dir='ltr' id='par_1_69' title="bbox 2149 2441 3719 2518">
     <span class='ocr_line' id='line_1_69' title="bbox 2149 2441 3719 2518; baseline 0.005 -24"><span class='ocrx_word' id='word_1_457' title='bbox 2149 2441 2253 2495; x_wconf 80' lang='grc' dir='ltr'><strong>ὑπὸ</strong></span> <span class='ocrx_word' id='word_1_458' title='bbox 2279 2443 2487 2507; x_wconf 75' lang='grc' dir='ltr'>ἐνδείας</span> <span class='ocrx_word' id='word_1_459' title='bbox 2534 2443 2808 2514; x_wconf 86' lang='grc' dir='ltr'>μηδεμίαν</span> <span class='ocrx_word' id='word_1_460' title='bbox 2854 2446 3151 2514; x_wconf 76' lang='grc' dir='ltr'>οὐδαμόθεν</span> <span class='ocrx_word' id='word_1_461' title='bbox 3184 2447 3449 2518; x_wconf 79' lang='grc' dir='ltr'>εὐπορίαν</span> <span class='ocrx_word' id='word_1_462' title='bbox 3483 2445 3719 2517; x_wconf 78' lang='grc' dir='ltr'>ἔχοντες.</span> 
     </span>
    </p>
   </div>
   <div class='ocr_carea' id='block_1_70' title="bbox 2149 2533 3720 2610">
    <p class='ocr_par' dir='ltr' id='par_1_70' title="bbox 2149 2533 3720 2610">
     <span class='ocr_line' id='line_1_70' title="bbox 2149 2533 3720 2610; baseline 0.004 -24"><span class='ocrx_word' id='word_1_463' title='bbox 2149 2533 2249 2588; x_wconf 84' lang='grc' dir='ltr'>Διά</span> <span class='ocrx_word' id='word_1_464' title='bbox 2281 2534 2454 2589; x_wconf 81' lang='grc' dir='ltr'>ταῦτα</span> <span class='ocrx_word' id='word_1_465' title='bbox 2481 2534 2578 2590; x_wconf 81' lang='grc' dir='ltr'>οὖν</span> <span class='ocrx_word' id='word_1_466' title='bbox 2611 2538 2823 2591; x_wconf 76' lang='grc' dir='ltr'>ἐδέοντο</span> <span class='ocrx_word' id='word_1_467' title='bbox 2866 2539 3132 2608; x_wconf 82' lang='grc' dir='ltr'>βασιλέως</span> <span class='ocrx_word' id='word_1_468' title='bbox 3177 2539 3390 2609; x_wconf 87' lang='grc' dir='ltr'>βασιλίς</span> <span class='ocrx_word' id='word_1_469' title='bbox 3435 2557 3498 2593; x_wconf 89' lang='grc' dir='ltr'><strong>τε</strong></span> <span class='ocrx_word' id='word_1_470' title='bbox 3524 2543 3556 2610; x_wconf 79' lang='grc' dir='ltr'><strong>η</strong></span> <span class='ocrx_word' id='word_1_471' title='bbox 3586 2541 3720 2610; x_wconf 64' lang='grc' dir='ltr'>γυνὴ</span> 
     </span>
    </p>
   </div>
   <div class='ocr_carea' id='block_1_71' title="bbox 2147 2626 3722 2702">
    <p class='ocr_par' dir='ltr' id='par_1_71' title="bbox 2147 2626 3722 2702">
     <span class='ocr_line' id='line_1_71' title="bbox 2147 2626 3722 2702; baseline 0.005 -22"><span class='ocrx_word' id='word_1_472' title='bbox 2147 2626 2352 2698; x_wconf 78' lang='grc' dir='ltr'>ὁμοίως</span> <span class='ocrx_word' id='word_1_473' title='bbox 2378 2628 2474 2680; x_wconf 76' lang='grc' dir='ltr'><strong>καὶ</strong></span> <span class='ocrx_word' id='word_1_474' title='bbox 2496 2631 2544 2681; x_wconf 89' lang='grc' dir='ltr'>οῑ</span> <span class='ocrx_word' id='word_1_475' title='bbox 2573 2629 2746 2694; x_wconf 73' lang='grc' dir='ltr'>ἄλλοι,</span> <span class='ocrx_word' id='word_1_476' title='bbox 2773 2633 3004 2701; x_wconf 74' lang='grc' dir='ltr'>τάχιστα</span> <span class='ocrx_word' id='word_1_477' title='bbox 3036 2633 3359 2702; x_wconf 77' lang='grc' dir='ltr'>ἐπανήκειν,</span> <span class='ocrx_word' id='word_1_478' title='bbox 3386 2632 3460 2696; x_wconf 82' lang='grc' dir='ltr'><strong>ὡς</strong></span> <span class='ocrx_word' id='word_1_479' title='bbox 3493 2634 3594 2702; x_wconf 78' lang='grc' dir='ltr'>τῆς</span> <span class='ocrx_word' id='word_1_480' title='bbox 3625 2635 3722 2687; x_wconf 74' lang='grc' dir='ltr'><strong>αὑ-</strong></span> 
     </span>
    </p>
   </div>
   <div class='ocr_carea' id='block_1_72' title="bbox 2147 2719 3720 2795">
    <p class='ocr_par' dir='ltr' id='par_1_72' title="bbox 2147 2719 3720 2795">
     <span class='ocr_line' id='line_1_72' title="bbox 2147 2719 3720 2795; baseline 0.005 -23"><span class='ocrx_word' id='word_1_481' title='bbox 2147 2719 2242 2772; x_wconf 81' lang='grc' dir='ltr'>τοῦ</span> <span class='ocrx_word' id='word_1_482' title='bbox 2299 2721 2597 2792; x_wconf 76' lang='grc' dir='ltr'>ἐπιδημίας</span> <span class='ocrx_word' id='word_1_483' title='bbox 2663 2725 2778 2786; x_wconf 76' lang='grc' dir='ltr'>τοῖς</span> <span class='ocrx_word' id='word_1_484' title='bbox 2831 2723 3078 2787; x_wconf 82' lang='grc' dir='ltr'>πολίταις</span> <span class='ocrx_word' id='word_1_485' title='bbox 3139 2725 3409 2794; x_wconf 83' lang='grc' dir='ltr'>ἐσομένης</span> <span class='ocrx_word' id='word_1_486' title='bbox 3470 2727 3720 2795; x_wconf 70' lang='grc' dir='ltr'>μεγάλων</span> 
     </span>
    </p>
   </div>
   <div class='ocr_carea' id='block_1_73' title="bbox 2145 2809 3718 2886">
    <p class='ocr_par' dir='ltr' id='par_1_73' title="bbox 2145 2809 3718 2886">
     <span class='ocr_line' id='line_1_73' title="bbox 2145 2809 3718 2886; baseline 0.004 -24"><span class='ocrx_word' id='word_1_487' title='bbox 2145 2810 2446 2880; x_wconf 87' lang='grc' dir='ltr'>συμφορῶν</span> <span class='ocrx_word' id='word_1_488' title='bbox 2498 2811 2840 2881; x_wconf 80' lang='grc' dir='ltr'>ἀπαλλαγῆς.</span> <span class='ocrx_word' id='word_1_489' title='bbox 2897 2814 3348 2886; x_wconf 81' lang='grc' dir='ltr'>Πρωτοστράτωρ</span> <span class='ocrx_word' id='word_1_490' title='bbox 3381 2809 3440 2868; x_wconf 73' lang='grc' dir='ltr'><strong>δέ</strong></span> <span class='ocrx_word' id='word_1_491' title='bbox 3479 2817 3603 2869; x_wconf 73' lang='grc' dir='ltr'>ἐπεὶ</span> <span class='ocrx_word' id='word_1_492' title='bbox 3653 2817 3718 2869; x_wconf 74' lang='grc' dir='ltr'>τὰ</span> 
     </span>
    </p>
   </div>
   <div class='ocr_carea' id='block_1_74' title="bbox 2145 2902 3718 2978">
    <p class='ocr_par' dir='ltr' id='par_1_74' title="bbox 2145 2902 3718 2978">
     <span class='ocr_line' id='line_1_74' title="bbox 2145 2902 3718 2978; baseline 0.003 -24"><span class='ocrx_word' id='word_1_493' title='bbox 2145 2902 2458 2972; x_wconf 83' lang='grc' dir='ltr'>γράμματα</span> <span class='ocrx_word' id='word_1_494' title='bbox 2491 2904 2724 2972; x_wconf 79' lang='grc' dir='ltr'>ἀνέγνω,</span> <span class='ocrx_word' id='word_1_495' title='bbox 2773 2906 3073 2978; x_wconf 89' lang='grc' dir='ltr'>περίεργόν</span> <span class='ocrx_word' id='word_1_496' title='bbox 3113 2925 3166 2960; x_wconf 92' lang='grc' dir='ltr'><strong>τι</strong></span> <span class='ocrx_word' id='word_1_497' title='bbox 3207 2907 3378 2976; x_wconf 72' lang='grc' dir='ltr'>δῆθεν</span> <span class='ocrx_word' id='word_1_498' title='bbox 3417 2909 3588 2962; x_wconf 73' lang='grc' dir='ltr'>ποιῶν</span> <span class='ocrx_word' id='word_1_499' title='bbox 3630 2910 3718 2963; x_wconf 81' lang='grc' dir='ltr'>καὶ</span> 
     </span>
    </p>
   </div>
   <div class='ocr_carea' id='block_1_75' title="bbox 2145 2994 3716 3072">
    <p class='ocr_par' dir='ltr' id='par_1_75' title="bbox 2145 2994 3716 3072">
     <span class='ocr_line' id='line_1_75' title="bbox 2145 2994 3716 3072; baseline 0.004 -24"><span class='ocrx_word' id='word_1_500' title='bbox 2145 2994 2431 3064; x_wconf 54' lang='grc' dir='ltr'>ἀγηνοίας</span> <span class='ocrx_word' id='word_1_501' title='bbox 2460 2995 2634 3060; x_wconf 79' lang='grc' dir='ltr'>ἀξιον,</span> <span class='ocrx_word' id='word_1_502' title='bbox 2671 2996 2856 3051; x_wconf 64' lang='grc' dir='ltr'>ἔπειθε</span> <span class='ocrx_word' id='word_1_503' title='bbox 2886 2998 2978 3050; x_wconf 80' lang='grc' dir='ltr'>τὸν</span> <span class='ocrx_word' id='word_1_504' title='bbox 3022 2999 3246 3066; x_wconf 76' lang='grc' dir='ltr'>ἄγοντα,</span> <span class='ocrx_word' id='word_1_505' title='bbox 3284 3001 3514 3070; x_wconf 80' lang='grc' dir='ltr'>χρυσίον</span> <span class='ocrx_word' id='word_1_506' title='bbox 3544 3019 3716 3072; x_wconf 82' lang='grc' dir='ltr'>παρα-</span> 
     </span>
    </p>
   </div>
   <div class='ocr_carea' id='block_1_76' title="bbox 2147 3077 3714 3161">
    <p class='ocr_par' dir='ltr' id='par_1_76' title="bbox 2147 3077 3714 3161">
     <span class='ocr_line' id='line_1_76' title="bbox 2147 3077 3714 3161; baseline 0.003 -20"><span class='ocrx_word' id='word_1_507' title='bbox 2147 3089 2438 3156; x_wconf 80' lang='grc' dir='ltr'>σχόμενος,</span> <span class='ocrx_word' id='word_1_508' title='bbox 2479 3091 2575 3142; x_wconf 82' lang='grc' dir='ltr'>καὶ</span> <span class='ocrx_word' id='word_1_509' title='bbox 2626 3089 2790 3142; x_wconf 79' lang='grc' dir='ltr'>αὑτὸν</span> <span class='ocrx_word' id='word_1_510' title='bbox 2839 3077 3311 3161; x_wconf 62' lang='grc' dir='ltr'>ἐπαγγειλάμενος</span> <span class='ocrx_word' id='word_1_511' title='bbox 3350 3094 3446 3146; x_wconf 81' lang='grc' dir='ltr'>καὶ</span> <span class='ocrx_word' id='word_1_512' title='bbox 3487 3095 3714 3156; x_wconf 65' lang='grc' dir='ltr'>οἰκείους</span> 
     </span>
    </p>
   </div>
   <div class='ocr_carea' id='block_1_77' title="bbox 2147 3177 3710 3257">
    <p class='ocr_par' dir='ltr' id='par_1_77' title="bbox 2147 3177 3710 3257">
     <span class='ocr_line' id='line_1_77' title="bbox 2147 3177 3710 3257; baseline 0.003 -25"><span class='ocrx_word' id='word_1_513' title='bbox 2147 3177 2210 3232; x_wconf 74' lang='grc' dir='ltr'>εὖ</span> <span class='ocrx_word' id='word_1_514' title='bbox 2248 3179 2497 3251; x_wconf 82' lang='grc' dir='ltr'>ποιήσειν</span> <span class='ocrx_word' id='word_1_515' title='bbox 2528 3195 2544 3212; x_wconf 70' lang='grc' dir='ltr'><strong>ο</strong></span> <span class='ocrx_word' id='word_1_516' title='bbox 2569 3180 2936 3252; x_wconf 78' lang='grc' dir='ltr'>Σηλυϐριανδς</span> <span class='ocrx_word' id='word_1_517' title='bbox 2975 3185 3084 3253; x_wconf 88' lang='grc' dir='ltr'><strong>γάρ</strong></span> <span class='ocrx_word' id='word_1_518' title='bbox 3107 3180 3175 3254; x_wconf 78' lang='grc' dir='ltr'>ἦν</span> <span class='ocrx_word' id='word_1_519' title='bbox 3199 3199 3214 3215; x_wconf 79' lang='grc'><strong><em>⁸</em></strong></span> <span class='ocrx_word' id='word_1_520' title='bbox 3245 3183 3390 3238; x_wconf 81' lang='grc' dir='ltr'>ὥστε</span> <span class='ocrx_word' id='word_1_521' title='bbox 3431 3185 3504 3238; x_wconf 83' lang='grc' dir='ltr'><strong>τά</strong></span> <span class='ocrx_word' id='word_1_522' title='bbox 3540 3186 3710 3257; x_wconf 79' lang='grc' dir='ltr'>γράμρ</span> 
     </span>
    </p>
   </div>
   <div class='ocr_carea' id='block_1_78' title="bbox 2149 3267 3709 3347">
    <p class='ocr_par' dir='ltr' id='par_1_78' title="bbox 2149 3267 3709 3347">
     <span class='ocr_line' id='line_1_78' title="bbox 2149 3267 3709 3347; baseline 0.005 -24"><span class='ocrx_word' id='word_1_523' title='bbox 2149 3289 2296 3342; x_wconf 89' lang='grc' dir='ltr'>ματα</span> <span class='ocrx_word' id='word_1_524' title='bbox 2327 3273 2751 3342; x_wconf 81' lang='grc' dir='ltr'>μεταγραφέντα</span> <span class='ocrx_word' id='word_1_525' title='bbox 2849 3273 3002 3346; x_wconf 85' lang='grc' dir='ltr'><strong>αὑτῷ</strong></span> <span class='ocrx_word' id='word_1_526' title='bbox 3045 3273 3242 3340; x_wconf 85' lang='grc' dir='ltr'>ἐδόκει,</span> <span class='ocrx_word' id='word_1_527' title='bbox 3279 3277 3709 3347; x_wconf 76' lang='grc' dir='ltr'>Καντακουζηνῷ</span> 
     </span>
    </p>
   </div>
   <div class='ocr_carea' id='block_1_79' title="bbox 2145 3364 3708 3436">
    <p class='ocr_par' dir='ltr' id='par_1_79' title="bbox 2145 3364 3708 3436">
     <span class='ocr_line' id='line_1_79' title="bbox 2145 3364 3708 3436; baseline 0.001 -18"><span class='ocrx_word' id='word_1_528' title='bbox 2145 3364 2422 3432; x_wconf 82' lang='grc' dir='ltr'>ἀγαγόντα</span> <span class='ocrx_word' id='word_1_529' title='bbox 2454 3367 2786 3436; x_wconf 77' lang='grc' dir='ltr'>παρασχεῖν,</span> <span class='ocrx_word' id='word_1_530' title='bbox 2821 3367 2996 3436; x_wconf 75' lang='grc' dir='ltr'>μηδὲν</span> <span class='ocrx_word' id='word_1_531' title='bbox 3025 3367 3442 3435; x_wconf 80' lang='grc' dir='ltr'>ἀπαγγείλαντα</span> <span class='ocrx_word' id='word_1_532' title='bbox 3472 3371 3580 3422; x_wconf 80' lang='grc' dir='ltr'><strong>τῶν</strong></span> <span class='ocrx_word' id='word_1_533' title='bbox 3606 3383 3708 3435; x_wconf 70' lang='lat' dir='ltr'><strong>etp-</strong></span> 
     </span>
    </p>
   </div>
   <div class='ocr_carea' id='block_1_80' title="bbox 2144 3457 3703 3536">
    <p class='ocr_par' dir='ltr' id='par_1_80' title="bbox 2144 3457 3703 3536">
     <span class='ocr_line' id='line_1_80' title="bbox 2144 3457 3703 3536; baseline 0.003 -28"><span class='ocrx_word' id='word_1_534' title='bbox 2144 3457 2460 3536; x_wconf 87' lang='grc' dir='ltr'>γασμένων,</span> <span class='ocrx_word' id='word_1_535' title='bbox 2489 3457 2607 3510; x_wconf 86' lang='grc' dir='ltr'>ἀλλ’</span> <span class='ocrx_word' id='word_1_536' title='bbox 2633 3459 2708 3536; x_wconf 66' lang='grc' dir='ltr'>ᾡς</span> <span class='ocrx_word' id='word_1_537' title='bbox 2739 3458 2867 3512; x_wconf 74' lang='grc' dir='ltr'>ὄντα</span> <span class='ocrx_word' id='word_1_538' title='bbox 2898 3458 3171 3529; x_wconf 83' lang='grc' dir='ltr'>βασιλίδος</span> <span class='ocrx_word' id='word_1_539' title='bbox 3205 3461 3305 3530; x_wconf 81' lang='grc' dir='ltr'>τῆς</span> <span class='ocrx_word' id='word_1_540' title='bbox 3335 3463 3614 3529; x_wconf 83' lang='grc' dir='ltr'>γυναικός.</span> <span class='ocrx_word' id='word_1_541' title='bbox 3651 3460 3703 3513; x_wconf 85' lang='grc' dir='ltr'>Ὅ</span> 
     </span>
    </p>
   </div>
   <div class='ocr_carea' id='block_1_81' title="bbox 2147 3535 3704 3623">
    <p class='ocr_par' dir='ltr' id='par_1_81' title="bbox 2147 3535 3704 3623">
     <span class='ocr_line' id='line_1_81' title="bbox 2147 3535 3704 3623; baseline 0.006 -24"><span class='ocrx_word' id='word_1_542' title='bbox 2147 3535 2249 3617; x_wconf 80' lang='grc' dir='ltr'>μὲν</span> <span class='ocrx_word' id='word_1_543' title='bbox 2293 3544 2388 3603; x_wconf 83' lang='grc' dir='ltr'>οὖν</span> <span class='ocrx_word' id='word_1_544' title='bbox 2417 3549 2594 3602; x_wconf 83' lang='grc' dir='ltr'>ἐποίει</span> <span class='ocrx_word' id='word_1_545' title='bbox 2622 3535 2763 3603; x_wconf 82' lang='grc' dir='ltr'>κατὰ</span> <span class='ocrx_word' id='word_1_546' title='bbox 2788 3551 2856 3604; x_wconf 84' lang='grc' dir='ltr'><strong>τά</strong></span> <span class='ocrx_word' id='word_1_547' title='bbox 2899 3553 3340 3623; x_wconf 83' lang='grc' dir='ltr'>κεκελευσμένα,</span> <span class='ocrx_word' id='word_1_548' title='bbox 3377 3556 3473 3607; x_wconf 75' lang='grc' dir='ltr'>καὶ</span> <span class='ocrx_word' id='word_1_549' title='bbox 3506 3571 3704 3620; x_wconf 81' lang='grc' dir='ltr'>πρωτο-</span> 
     </span>
    </p>
   </div>
   <div class='ocr_carea' id='block_1_82' title="bbox 2145 3638 3699 3719">
    <p class='ocr_par' dir='ltr' id='par_1_82' title="bbox 2145 3638 3699 3719">
     <span class='ocr_line' id='line_1_82' title="bbox 2145 3638 3699 3719; baseline 0.005 -27"><span class='ocrx_word' id='word_1_550' title='bbox 2145 3638 2398 3710; x_wconf 70' lang='grc' dir='ltr'>πράτωρ</span> <span class='ocrx_word' id='word_1_551' title='bbox 2425 3639 2575 3694; x_wconf 74' lang='grc' dir='ltr'>ἄκων</span> <span class='ocrx_word' id='word_1_552' title='bbox 2607 3641 2860 3712; x_wconf 76' lang='grc' dir='ltr'>ὠφέλησε</span> <span class='ocrx_word' id='word_1_553' title='bbox 2908 3641 3134 3712; x_wconf 78' lang='grc' dir='ltr'>βασιλέα</span> <span class='ocrx_word' id='word_1_554' title='bbox 3178 3661 3237 3698; x_wconf 87' lang='grc' dir='ltr'><strong>τε</strong></span> <span class='ocrx_word' id='word_1_555' title='bbox 3284 3647 3380 3699; x_wconf 83' lang='grc' dir='ltr'>καὶ</span> <span class='ocrx_word' id='word_1_556' title='bbox 3427 3650 3555 3712; x_wconf 73' lang='grc' dir='ltr'>τοὺς</span> <span class='ocrx_word' id='word_1_557' title='bbox 3588 3649 3699 3719; x_wconf 73' lang='grc' dir='ltr'>περὶ</span> 
     </span>
    </p>
   </div>
   <div class='ocr_carea' id='block_1_83' title="bbox 2143 3729 3699 3804">
    <p class='ocr_par' dir='ltr' id='par_1_83' title="bbox 2143 3729 3699 3804">
     <span class='ocr_line' id='line_1_83' title="bbox 2143 3729 3699 3804; baseline 0.006 -24"><span class='ocrx_word' id='word_1_558' title='bbox 2143 3729 2327 3786; x_wconf 81' lang='grc' dir='ltr'>αὐτόν.</span> <span class='ocrx_word' id='word_1_559' title='bbox 2372 3729 2460 3792; x_wconf 81' lang='grc' dir='ltr'>Ὠς</span> <span class='ocrx_word' id='word_1_560' title='bbox 2488 3730 2598 3800; x_wconf 89' lang='grc' dir='ltr'><strong>γάρ</strong></span> <span class='ocrx_word' id='word_1_561' title='bbox 2623 3732 2692 3783; x_wconf 71' lang='grc' dir='ltr'>τά</span> <span class='ocrx_word' id='word_1_562' title='bbox 2742 3748 2805 3784; x_wconf 86' lang='grc' dir='ltr'><strong>τε</strong></span> <span class='ocrx_word' id='word_1_563' title='bbox 2847 3733 3156 3804; x_wconf 79' lang='grc' dir='ltr'>γράμματα</span> <span class='ocrx_word' id='word_1_564' title='bbox 3191 3736 3590 3804; x_wconf 80' lang='grc' dir='ltr'>ἀνεγινώσκετο</span> <span class='ocrx_word' id='word_1_565' title='bbox 3616 3740 3699 3792; x_wconf 74' lang='grc' dir='ltr'><strong>καί</strong></span> 
     </span>
    </p>
   </div>
   <div class='ocr_carea' id='block_1_84' title="bbox 2142 3819 3697 3899">
    <p class='ocr_par' dir='ltr' id='par_1_84' title="bbox 2142 3819 3697 3899">
     <span class='ocr_line' id='line_1_84' title="bbox 2142 3819 3697 3899; baseline 0.007 -27"><span class='ocrx_word' id='word_1_566' title='bbox 2142 3819 2338 3890; x_wconf 69' lang='grc' dir='ltr'>ἤκουον</span> <span class='ocrx_word' id='word_1_567' title='bbox 2405 3822 2536 3892; x_wconf 82' lang='grc' dir='ltr'>περὶ</span> <span class='ocrx_word' id='word_1_568' title='bbox 2589 3822 2692 3891; x_wconf 84' lang='grc' dir='ltr'>τῆς</span> <span class='ocrx_word' id='word_1_569' title='bbox 2743 3823 3136 3897; x_wconf 83' lang='grc' dir='ltr'>ἐνεδρευούσης</span> <span class='ocrx_word' id='word_1_570' title='bbox 3170 3831 3434 3898; x_wconf 78' lang='grc' dir='ltr'>στρατιᾶς</span> <span class='ocrx_word' id='word_1_571' title='bbox 3481 3832 3530 3882; x_wconf 81' lang='grc' dir='ltr'>οἱ</span> <span class='ocrx_word' id='word_1_572' title='bbox 3580 3833 3697 3899; x_wconf 75' lang='grc' dir='ltr'>περὶ</span> 
     </span>
    </p>
   </div>
   <div class='ocr_carea' id='block_1_85' title="bbox 2143 3910 3692 3991">
    <p class='ocr_par' dir='ltr' id='par_1_85' title="bbox 2143 3910 3692 3991">
     <span class='ocr_line' id='line_1_85' title="bbox 2143 3910 3692 3991; baseline 0.008 -29"><span class='ocrx_word' id='word_1_573' title='bbox 2143 3910 2388 3982; x_wconf 87' lang='grc' dir='ltr'>βασιλέα,</span> <span class='ocrx_word' id='word_1_574' title='bbox 2417 3913 2493 3976; x_wconf 84' lang='grc' dir='ltr'>ὡς</span> <span class='ocrx_word' id='word_1_575' title='bbox 2525 3913 2949 3968; x_wconf 87' lang='grc' dir='ltr'>πολλαπλασίων</span> <span class='ocrx_word' id='word_1_576' title='bbox 2984 3933 3043 3969; x_wconf 85' lang='grc' dir='ltr'><strong>τε</strong></span> <span class='ocrx_word' id='word_1_577' title='bbox 3090 3918 3274 3972; x_wconf 85' lang='grc' dir='ltr'>αὐτῶν</span> <span class='ocrx_word' id='word_1_578' title='bbox 3314 3921 3400 3991; x_wconf 72' lang='grc' dir='ltr'>εἴη</span> <span class='ocrx_word' id='word_1_579' title='bbox 3447 3923 3543 3974; x_wconf 82' lang='grc' dir='ltr'>καὶ</span> <span class='ocrx_word' id='word_1_580' title='bbox 3591 3924 3692 3984; x_wconf 76' lang='grc' dir='ltr'>τοῖς</span> 
     </span>
    </p>
   </div>
   <div class='ocr_carea' id='block_1_86' title="bbox 2140 4001 3692 4083">
    <p class='ocr_par' dir='ltr' id='par_1_86' title="bbox 2140 4001 3692 4083">
     <span class='ocr_line' id='line_1_86' title="bbox 2140 4001 3692 4083; baseline 0.005 -28"><span class='ocrx_word' id='word_1_581' title='bbox 2140 4004 2308 4057; x_wconf 80' lang='grc' dir='ltr'>πᾶσιν</span> <span class='ocrx_word' id='word_1_582' title='bbox 2335 4005 2646 4076; x_wconf 77' lang='grc' dir='ltr'>ἐρρωμένη,</span> <span class='ocrx_word' id='word_1_583' title='bbox 2674 4001 2764 4061; x_wconf 74' lang='grc' dir='ltr'><strong>οἷα</strong></span> <span class='ocrx_word' id='word_1_584' title='bbox 2794 4007 2858 4079; x_wconf 73' lang='grc' dir='ltr'>δὴ</span> <span class='ocrx_word' id='word_1_585' title='bbox 2886 4007 3040 4061; x_wconf 73' lang='grc' dir='ltr'>οὔπω</span> <span class='ocrx_word' id='word_1_586' title='bbox 3084 4010 3211 4080; x_wconf 78' lang='grc' dir='ltr'>χθὲς</span> <span class='ocrx_word' id='word_1_587' title='bbox 3241 4014 3338 4066; x_wconf 85' lang='grc' dir='ltr'><strong>καὶ</strong></span> <span class='ocrx_word' id='word_1_588' title='bbox 3382 4013 3574 4083; x_wconf 82' lang='grc' dir='ltr'>πρώην</span> <span class='ocrx_word' id='word_1_589' title='bbox 3598 4015 3692 4066; x_wconf 78' lang='grc' dir='ltr'>τῶν</span> 
     </span>
    </p>
   </div>
   <div class='ocr_carea' id='block_1_87' title="bbox 2137 4092 3691 4173">
    <p class='ocr_par' dir='ltr' id='par_1_87' title="bbox 2137 4092 3691 4173">
     <span class='ocr_line' id='line_1_87' title="bbox 2137 4092 3691 4173; baseline 0.008 -29"><span class='ocrx_word' id='word_1_590' title='bbox 2137 4092 2327 4146; x_wconf 84' lang='grc' dir='ltr'>οίκιῶν</span> <span class='ocrx_word' id='word_1_591' title='bbox 2348 4095 2427 4157; x_wconf 85' lang='grc' dir='ltr'><strong>είς</strong></span> <span class='ocrx_word' id='word_1_592' title='bbox 2453 4095 2554 4165; x_wconf 78' lang='grc' dir='ltr'>τὴν</span> <span class='ocrx_word' id='word_1_593' title='bbox 2586 4097 2884 4166; x_wconf 86' lang='grc' dir='ltr'>στρατείαν</span> <span class='ocrx_word' id='word_1_594' title='bbox 2907 4099 3241 4167; x_wconf 78' lang='grc' dir='ltr'>ἐξελθόντες,</span> <span class='ocrx_word' id='word_1_595' title='bbox 3267 4103 3389 4173; x_wconf 82' lang='grc' dir='ltr'><strong>Θεῷ</strong></span> <span class='ocrx_word' id='word_1_596' title='bbox 3417 4121 3476 4156; x_wconf 82' lang='grc' dir='ltr'><strong>τε</strong></span> <span class='ocrx_word' id='word_1_597' title='bbox 3507 4104 3691 4166; x_wconf 67' lang='grc' dir='ltr'>πολλᾶς</span> 
     </span>
    </p>
   </div>
   <div class='ocr_carea' id='block_1_88' title="bbox 2135 4182 3688 4262">
    <p class='ocr_par' dir='ltr' id='par_1_88' title="bbox 2135 4182 3688 4262">
     <span class='ocr_line' id='line_1_88' title="bbox 2135 4182 3688 4262; baseline 0.01 -27"><span class='ocrx_word' id='word_1_598' title='bbox 2135 4182 2451 4254; x_wconf 82' lang='grc' dir='ltr'>ὡμολόγουν</span> <span class='ocrx_word' id='word_1_599' title='bbox 2479 4188 2709 4258; x_wconf 86' lang='grc' dir='ltr'>χάριτας</span> <span class='ocrx_word' id='word_1_600' title='bbox 2729 4189 2826 4259; x_wconf 86' lang='grc' dir='ltr'>τῆς</span> <span class='ocrx_word' id='word_1_601' title='bbox 2849 4192 2930 4253; x_wconf 87' lang='grc' dir='ltr'><strong>είς</strong></span> <span class='ocrx_word' id='word_1_602' title='bbox 2964 4191 3162 4256; x_wconf 82' lang='grc' dir='ltr'>αὐτοὺς</span> <span class='ocrx_word' id='word_1_603' title='bbox 3195 4195 3455 4262; x_wconf 85' lang='grc' dir='ltr'>προνοίας</span> <span class='ocrx_word' id='word_1_604' title='bbox 3479 4197 3571 4250; x_wconf 80' lang='grc' dir='ltr'><strong>καί</strong></span> <span class='ocrx_word' id='word_1_605' title='bbox 3591 4197 3688 4250; x_wconf 74' lang='grc' dir='ltr'><strong>τῶν</strong></span> 
     </span>
    </p>
   </div>
   <div class='ocr_carea' id='block_1_89' title="bbox 2137 4273 3686 4357">
    <p class='ocr_par' dir='ltr' id='par_1_89' title="bbox 2137 4273 3686 4357">
     <span class='ocr_line' id='line_1_89' title="bbox 2137 4273 3686 4357; baseline 0.012 -32"><span class='ocrx_word' id='word_1_606' title='bbox 2137 4273 2402 4328; x_wconf 84' lang='grc' dir='ltr'>κινδύνων</span> <span class='ocrx_word' id='word_1_607' title='bbox 2421 4278 2518 4345; x_wconf 85' lang='grc' dir='ltr'>τῆς</span> <span class='ocrx_word' id='word_1_608' title='bbox 2551 4279 2897 4349; x_wconf 82' lang='grc' dir='ltr'>ἀπαλλαγῆς,</span> <span class='ocrx_word' id='word_1_609' title='bbox 2918 4283 3016 4335; x_wconf 80' lang='grc' dir='ltr'>καὶ</span> <span class='ocrx_word' id='word_1_610' title='bbox 3079 4283 3313 4352; x_wconf 87' lang='grc' dir='ltr'>βασιλίδι</span> <span class='ocrx_word' id='word_1_611' title='bbox 3343 4287 3440 4356; x_wconf 81' lang='grc' dir='ltr'>τῆς</span> <span class='ocrx_word' id='word_1_612' title='bbox 3471 4289 3686 4357; x_wconf 78' lang='grc' dir='ltr'>σπουδῆς</span> 
     </span>
    </p>
   </div>
   <div class='ocr_carea' id='block_1_90' title="bbox 2136 4365 3683 4450">
    <p class='ocr_par' dir='ltr' id='par_1_90' title="bbox 2136 4365 3683 4450">
     <span class='ocr_line' id='line_1_90' title="bbox 2136 4365 3683 4450; baseline 0.01 -33"><span class='ocrx_word' id='word_1_613' title='bbox 2136 4367 2232 4420; x_wconf 76' lang='grc' dir='ltr'>καὶ</span> <span class='ocrx_word' id='word_1_614' title='bbox 2260 4365 2362 4436; x_wconf 87' lang='grc' dir='ltr'>τῆς</span> <span class='ocrx_word' id='word_1_615' title='bbox 2386 4370 2684 4439; x_wconf 43' lang='grc' dir='ltr'>,φροντίδος</span> <span class='ocrx_word' id='word_1_616' title='bbox 2738 4372 2838 4440; x_wconf 75' lang='grc' dir='ltr'>τῆς</span> <span class='ocrx_word' id='word_1_617' title='bbox 2892 4376 3023 4444; x_wconf 77' lang='grc' dir='ltr'>περὶ</span> <span class='ocrx_word' id='word_1_618' title='bbox 3069 4375 3290 4442; x_wconf 77' lang='grc' dir='ltr'>αὐτοὺς,</span> <span class='ocrx_word' id='word_1_619' title='bbox 3341 4380 3437 4431; x_wconf 82' lang='grc' dir='ltr'>καὶ</span> <span class='ocrx_word' id='word_1_620' title='bbox 3480 4381 3683 4450; x_wconf 77' lang='grc' dir='ltr'>ἄσμενοι</span> 
     </span>
    </p>
   </div>
   <div class='ocr_carea' id='block_1_91' title="bbox 2135 4456 3680 4541">
    <p class='ocr_par' dir='ltr' id='par_1_91' title="bbox 2135 4456 3680 4541">
     <span class='ocr_line' id='line_1_91' title="bbox 2135 4456 3680 4541; baseline 0.012 -33"><span class='ocrx_word' id='word_1_621' title='bbox 2135 4456 2520 4530; x_wconf 83' lang='grc' dir='ltr'>ὑπέστρεφον,</span> <span class='ocrx_word' id='word_1_622' title='bbox 2581 4463 2674 4516; x_wconf 85' lang='grc' dir='ltr'>τοῦ</span> <span class='ocrx_word' id='word_1_623' title='bbox 2739 4463 2990 4534; x_wconf 80' lang='grc' dir='ltr'>μείζονος</span> <span class='ocrx_word' id='word_1_624' title='bbox 3055 4467 3307 4524; x_wconf 84' lang='grc' dir='ltr'>κινδύνου</span> <span class='ocrx_word' id='word_1_625' title='bbox 3353 4471 3423 4524; x_wconf 85' lang='grc' dir='ltr'><strong>τά</strong></span> <span class='ocrx_word' id='word_1_626' title='bbox 3469 4473 3680 4541; x_wconf 83' lang='grc' dir='ltr'>δυσχερῆ</span> 
     </span>
    </p>
   </div>
   <div class='ocr_carea' id='block_1_92' title="bbox 466 4542 2044 4632">
    <p class='ocr_par' dir='ltr' id='par_1_92' title="bbox 466 4549 2034 4632">
     <span class='ocr_line' id='line_1_92' title="bbox 466 4549 2034 4632; baseline 0.015 -34"><span class='ocrx_word' id='word_1_627' title='bbox 466 4549 873 4614; x_wconf 80' lang='lat' dir='ltr'><strong>Cantacuzeno,</strong></span> <span class='ocrx_word' id='word_1_628' title='bbox 913 4553 1000 4607; x_wconf 89' lang='lat' dir='ltr'><strong>cui</strong></span> <span class='ocrx_word' id='word_1_629' title='bbox 1031 4555 1245 4610; x_wconf 91' lang='lat' dir='ltr'><strong>occulte</strong></span> <span class='ocrx_word' id='word_1_630' title='bbox 1277 4557 1549 4624; x_wconf 87' lang='lat' dir='ltr'><strong>studeret,</strong></span> <span class='ocrx_word' id='word_1_631' title='bbox 1586 4563 1857 4632; x_wconf 77' lang='lat' dir='ltr'><strong>profuisse</strong></span> <span class='ocrx_word' id='word_1_632' title='bbox 1901 4583 2034 4623; x_wconf 79' lang='lat' dir='ltr'><strong>con-</strong></span> 
     </span>
    </p>
   </div>
   <div class='ocr_carea' id='block_1_93' title="bbox 2143 4542 3678 4632">
    <p class='ocr_par' dir='ltr' id='par_1_93' title="bbox 2143 4549 3678 4629">
     <span class='ocr_line' id='line_1_93' title="bbox 2143 4549 3678 4629; baseline 0.009 -29"><span class='ocrx_word' id='word_1_633' title='bbox 2143 4549 2404 4622; x_wconf 85' lang='grc' dir='ltr'>πρότερον</span> <span class='ocrx_word' id='word_1_634' title='bbox 2445 4553 2540 4606; x_wconf 79' lang='grc' dir='ltr'>καὶ</span> <span class='ocrx_word' id='word_1_635' title='bbox 2586 4554 2918 4624; x_wconf 84' lang='grc' dir='ltr'>δυσάρεστα,</span> <span class='ocrx_word' id='word_1_636' title='bbox 2947 4559 3123 4629; x_wconf 78' lang='grc' dir='ltr'>ῥᾷστα</span> <span class='ocrx_word' id='word_1_637' title='bbox 3155 4562 3252 4614; x_wconf 74' lang='grc' dir='ltr'><strong>καὶ</strong></span> <span class='ocrx_word' id='word_1_638' title='bbox 3286 4561 3678 4618; x_wconf 82' lang='grc' dir='ltr'>λυσιτελέστατα</span> 
     </span>
    </p>
   </div>
   <div class='ocr_carea' id='block_1_94' title="bbox 466 4637 2033 4722">
    <p class='ocr_par' dir='ltr' id='par_1_94' title="bbox 466 4637 2033 4722">
     <span class='ocr_line' id='line_1_94' title="bbox 466 4637 2033 4722; baseline 0.015 -33"><span class='ocrx_word' id='word_1_639' title='bbox 466 4637 767 4693; x_wconf 81' lang='lat' dir='ltr'><strong>firmantes.</strong></span> <span class='ocrx_word' id='word_1_640' title='bbox 823 4639 876 4694; x_wconf 84' lang='lat' dir='ltr'><strong>ls</strong></span> <span class='ocrx_word' id='word_1_641' title='bbox 930 4644 1062 4696; x_wconf 84' lang='lat' dir='ltr'><strong>vero</strong></span> <span class='ocrx_word' id='word_1_642' title='bbox 1115 4645 1433 4714; x_wconf 91' lang='lat' dir='ltr'><strong>juramento</strong></span> <span class='ocrx_word' id='word_1_643' title='bbox 1490 4649 1837 4722; x_wconf 88' lang='lat' dir='ltr'><strong>interposito,</strong></span> <span class='ocrx_word' id='word_1_644' title='bbox 1895 4657 2033 4712; x_wconf 83' lang='lat' dir='ltr'><strong>nihil</strong></span> 
     </span>
    </p>
   </div>
   <div class='ocr_carea' id='block_1_95' title="bbox 459 4729 2031 4804">
    <p class='ocr_par' dir='ltr' id='par_1_95' title="bbox 459 4729 2031 4804">
     <span class='ocr_line' id='line_1_95' title="bbox 459 4729 2031 4804; baseline 0.013 -22"><span class='ocrx_word' id='word_1_645' title='bbox 459 4729 730 4797; x_wconf 81' lang='lat' dir='ltr'><strong>ejusmodi</strong></span> <span class='ocrx_word' id='word_1_646' title='bbox 756 4745 816 4786; x_wconf 89' lang='lat' dir='ltr'><strong>se</strong></span> <span class='ocrx_word' id='word_1_647' title='bbox 845 4730 1086 4788; x_wconf 86' lang='lat' dir='ltr'><strong>voluisse</strong></span> <span class='ocrx_word' id='word_1_648' title='bbox 1116 4737 1497 4804; x_wconf 87' lang='lat' dir='ltr'><strong>asseverabat,</strong></span> <span class='ocrx_word' id='word_1_649' title='bbox 1524 4741 1618 4796; x_wconf 92' lang='lat' dir='ltr'><strong>sed</strong></span> <span class='ocrx_word' id='word_1_650' title='bbox 1645 4743 1795 4798; x_wconf 86' lang='lat' dir='ltr'><strong>velut</strong></span> <span class='ocrx_word' id='word_1_651' title='bbox 1822 4747 2031 4802; x_wconf 64' lang='lat' dir='ltr'><strong>caelesti</strong></span> 
     </span>
    </p>
   </div>
   <div class='ocr_carea' id='block_1_96' title="bbox 466 4820 2034 4904">
    <p class='ocr_par' dir='ltr' id='par_1_96' title="bbox 466 4820 2034 4904">
     <span class='ocr_line' id='line_1_96' title="bbox 466 4820 2034 4904; baseline 0.015 -32"><span class='ocrx_word' id='word_1_652' title='bbox 466 4820 702 4890; x_wconf 70' lang='lat' dir='ltr'><strong>quadam</strong></span> <span class='ocrx_word' id='word_1_653' title='bbox 737 4823 787 4877; x_wconf 88' lang='lat' dir='ltr'><strong>vi</strong></span> <span class='ocrx_word' id='word_1_654' title='bbox 819 4839 885 4879; x_wconf 86' lang='lat' dir='ltr'><strong>eo</strong></span> <span class='ocrx_word' id='word_1_655' title='bbox 916 4825 1211 4896; x_wconf 88' lang='lat' dir='ltr'><strong>impulsum</strong></span> <span class='ocrx_word' id='word_1_656' title='bbox 1231 4845 1372 4896; x_wconf 69' lang='lat' dir='ltr'><strong>esse,</strong></span> <span class='ocrx_word' id='word_1_657' title='bbox 1396 4846 1522 4888; x_wconf 90' lang='lat' dir='ltr'><strong>cum</strong></span> <span class='ocrx_word' id='word_1_658' title='bbox 1552 4847 1769 4904; x_wconf 88' lang='lat' dir='ltr'><strong>putaret</strong></span> <span class='ocrx_word' id='word_1_659' title='bbox 1799 4854 1856 4894; x_wconf 87' lang='lat' dir='ltr'><strong>se</strong></span> <span class='ocrx_word' id='word_1_660' title='bbox 1890 4839 2034 4894; x_wconf 86' lang='lat' dir='ltr'><strong>Can-</strong></span> 
     </span>
    </p>
   </div>
   <div class='ocr_carea' id='block_1_97' title="bbox 461 4923 2028 4988">
    <p class='ocr_par' dir='ltr' id='par_1_97' title="bbox 461 4923 2028 4988">
     <span class='ocr_line' id='line_1_97' title="bbox 461 4923 2028 4988; baseline 0.013 -22"><span class='ocrx_word' id='word_1_661' title='bbox 461 4925 789 4968; x_wconf 85' lang='lat' dir='ltr'><strong>tacuzenum</strong></span> <span class='ocrx_word' id='word_1_662' title='bbox 825 4931 946 4971; x_wconf 91' lang='lat' dir='ltr'><strong>cum</strong></span> <span class='ocrx_word' id='word_1_663' title='bbox 987 4934 1284 4976; x_wconf 90' lang='lat' dir='ltr'><strong>numeroso</strong></span> <span class='ocrx_word' id='word_1_664' title='bbox 1333 4923 1721 4982; x_wconf 81' lang='lat' dir='ltr'><strong>adventantem</strong></span> <span class='ocrx_word' id='word_1_665' title='bbox 1779 4932 2028 4988; x_wconf 81' lang='lat' dir='ltr'><strong>exercitu</strong></span> 
     </span>
    </p>
   </div>
   <div class='ocr_carea' id='block_1_98' title="bbox 459 5005 2029 5092">
    <p class='ocr_par' dir='ltr' id='par_1_98' title="bbox 459 5005 2029 5092">
     <span class='ocr_line' id='line_1_98' title="bbox 459 5005 2029 5092; baseline 0.014 -33"><span class='ocrx_word' id='word_1_666' title='bbox 459 5005 842 5076; x_wconf 77' lang='lat' dir='ltr'><strong>deceptorum,</strong></span> <span class='ocrx_word' id='word_1_667' title='bbox 875 5010 919 5065; x_wconf 90' lang='lat' dir='ltr'><strong>si</strong></span> <span class='ocrx_word' id='word_1_668' title='bbox 946 5010 995 5066; x_wconf 91' lang='lat' dir='ltr'><strong>ei</strong></span> <span class='ocrx_word' id='word_1_669' title='bbox 1028 5013 1323 5070; x_wconf 86' lang='lat' dir='ltr'><strong>terrei‘acto</strong></span> <span class='ocrx_word' id='word_1_670' title='bbox 1380 5019 1750 5075; x_wconf 82' lang='lat' dir='ltr'><strong>reversionem</strong></span> <span class='ocrx_word' id='word_1_671' title='bbox 1803 5039 2029 5092; x_wconf 88' lang='lat' dir='ltr'><strong>persua-</strong></span> 
     </span>
    </p>
   </div>
   <div class='ocr_carea' id='block_1_99' title="bbox 458 5089 2032 5175">
    <p class='ocr_par' dir='ltr' id='par_1_99' title="bbox 458 5089 2032 5175">
     <span class='ocr_line' id='line_1_99' title="bbox 458 5089 2032 5175; baseline 0.015 -26"><span class='ocrx_word' id='word_1_672' title='bbox 458 5089 642 5152; x_wconf 83' lang='lat' dir='ltr'><strong>sisset.</strong></span> <span class='ocrx_word' id='word_1_673' title='bbox 697 5097 824 5155; x_wconf 81' lang='lat' dir='ltr'><strong>Haec</strong></span> <span class='ocrx_word' id='word_1_674' title='bbox 855 5101 920 5154; x_wconf 92' lang='lat' dir='ltr'><strong>ad</strong></span> <span class='ocrx_word' id='word_1_675' title='bbox 961 5102 1108 5157; x_wconf 85' lang='lat' dir='ltr'><strong>hunc</strong></span> <span class='ocrx_word' id='word_1_676' title='bbox 1142 5104 1368 5160; x_wconf 92' lang='lat' dir='ltr'><strong>modum</strong></span> <span class='ocrx_word' id='word_1_677' title='bbox 1413 5116 1530 5163; x_wconf 82' lang='lat' dir='ltr'><strong>acta</strong></span> <span class='ocrx_word' id='word_1_678' title='bbox 1572 5121 1722 5175; x_wconf 87' lang='lat' dir='ltr'><strong>sunt,</strong></span> <span class='ocrx_word' id='word_1_679' title='bbox 1750 5089 2032 5172; x_wconf 40' lang='lat' dir='ltr'><strong>et—Canta-</strong></span> 
     </span>
    </p>
   </div>
   <div class='ocr_carea' id='block_1_100' title="bbox 459 5189 2029 5276">
    <p class='ocr_par' dir='ltr' id='par_1_100' title="bbox 459 5189 2029 5276">
     <span class='ocr_line' id='line_1_100' title="bbox 459 5189 2029 5276; baseline 0.013 -35"><span class='ocrx_word' id='word_1_680' title='bbox 459 5201 708 5244; x_wconf 82' lang='lat' dir='ltr'><strong>cuzenus</strong></span> <span class='ocrx_word' id='word_1_681' title='bbox 747 5191 813 5243; x_wconf 91' lang='lat' dir='ltr'><strong>ad</strong></span> <span class='ocrx_word' id='word_1_682' title='bbox 838 5189 1050 5245; x_wconf 86' lang='lat' dir='ltr'><strong>Cralem</strong></span> <span class='ocrx_word' id='word_1_683' title='bbox 1081 5207 1140 5247; x_wconf 90' lang='lat' dir='ltr'><strong>se</strong></span> <span class='ocrx_word' id='word_1_684' title='bbox 1168 5197 1393 5265; x_wconf 88' lang='lat' dir='ltr'><strong>recepit.</strong></span> <span class='ocrx_word' id='word_1_685' title='bbox 1431 5197 1793 5267; x_wconf 80' lang='lat' dir='ltr'><strong>Apocauchus</strong></span> <span class='ocrx_word' id='word_1_686' title='bbox 1824 5205 2029 5276; x_wconf 80' lang='lat' dir='ltr'><strong>Byzan-</strong></span> 
     </span>
    </p>
   </div>
   <div class='ocr_carea' id='block_1_101' title="bbox 454 5279 2028 5365">
    <p class='ocr_par' dir='ltr' id='par_1_101' title="bbox 454 5279 2028 5365">
     <span class='ocr_line' id='line_1_101' title="bbox 454 5279 2028 5365; baseline 0.013 -33"><span class='ocrx_word' id='word_1_687' title='bbox 454 5279 594 5333; x_wconf 88' lang='lat' dir='ltr'><strong>tium</strong></span> <span class='ocrx_word' id='word_1_688' title='bbox 641 5295 863 5334; x_wconf 88' lang='lat' dir='ltr'><strong>cursum</strong></span> <span class='ocrx_word' id='word_1_689' title='bbox 915 5281 1146 5348; x_wconf 80' lang='lat' dir='ltr'><strong>reilexit,</strong></span> <span class='ocrx_word' id='word_1_690' title='bbox 1193 5301 1357 5356; x_wconf 89' lang='lat' dir='ltr'><strong>quem</strong></span> <span class='ocrx_word' id='word_1_691' title='bbox 1397 5289 1586 5344; x_wconf 82' lang='lat' dir='ltr'><strong>incolae</strong></span> <span class='ocrx_word' id='word_1_692' title='bbox 1628 5294 1814 5348; x_wconf 87' lang='lat' dir='ltr'><strong>multis</strong></span> <span class='ocrx_word' id='word_1_693' title='bbox 1877 5299 2028 5365; x_wconf 82' lang='lat' dir='ltr'><strong>plau-</strong></span> 
     </span>
    </p>
   </div>
   <div class='ocr_carea' id='block_1_102' title="bbox 2138 4643 3674 4722">
    <p class='ocr_par' dir='ltr' id='par_1_102' title="bbox 2138 4643 3674 4722">
     <span class='ocr_line' id='line_1_102' title="bbox 2138 4643 3674 4722; baseline 0.007 -27"><span class='ocrx_word' id='word_1_694' title='bbox 2138 4643 2428 4710; x_wconf 79' lang='grc' dir='ltr'>φαίνεσθαι</span> <span class='ocrx_word' id='word_1_695' title='bbox 2461 4645 2767 4709; x_wconf 84' lang='grc' dir='ltr'>ποιοῦντος.</span> <span class='ocrx_word' id='word_1_696' title='bbox 2793 4647 2951 4702; x_wconf 77' lang='grc' dir='ltr'>Οὕτω</span> <span class='ocrx_word' id='word_1_697' title='bbox 2985 4651 3086 4717; x_wconf 77' lang='grc' dir='ltr'>μὲν</span> <span class='ocrx_word' id='word_1_698' title='bbox 3115 4649 3208 4706; x_wconf 81' lang='grc' dir='ltr'>οὖν</span> <span class='ocrx_word' id='word_1_699' title='bbox 3239 4653 3489 4722; x_wconf 82' lang='grc' dir='ltr'>βασιλεύς</span> <span class='ocrx_word' id='word_1_700' title='bbox 3510 4673 3565 4708; x_wconf 87' lang='grc' dir='ltr'><strong>τε</strong></span> <span class='ocrx_word' id='word_1_701' title='bbox 3592 4659 3674 4707; x_wconf 76' lang='grc' dir='ltr'>καὶ</span> 
     </span>
    </p>
   </div>
   <div class='ocr_carea' id='block_1_103' title="bbox 2133 4736 3667 4814">
    <p class='ocr_par' dir='ltr' id='par_1_103' title="bbox 2133 4736 3667 4814">
     <span class='ocr_line' id='line_1_103' title="bbox 2133 4736 3667 4814; baseline 0.007 -26"><span class='ocrx_word' id='word_1_702' title='bbox 2133 4737 2183 4788; x_wconf 83' lang='lat' dir='ltr'><strong>oi</strong></span> <span class='ocrx_word' id='word_1_703' title='bbox 2208 4736 2344 4804; x_wconf 75' lang='grc' dir='ltr'>ἀμφ’</span> <span class='ocrx_word' id='word_1_704' title='bbox 2370 4738 2532 4790; x_wconf 74' lang='grc' dir='ltr'>αὑτὸν</span> <span class='ocrx_word' id='word_1_705' title='bbox 2569 4741 2992 4812; x_wconf 82' lang='grc' dir='ltr'>ἀπροσδοκήτων</span> <span class='ocrx_word' id='word_1_706' title='bbox 3020 4744 3281 4814; x_wconf 75' lang='grc' dir='ltr'>ἐρῤύαντο</span> <span class='ocrx_word' id='word_1_707' title='bbox 3313 4747 3580 4811; x_wconf 78' lang='grc' dir='ltr'>κινδύνων,</span> <span class='ocrx_word' id='word_1_708' title='bbox 3607 4749 3667 4799; x_wconf 77' lang='grc' dir='ltr'><strong>ἐκ</strong></span> 
     </span>
    </p>
   </div>
   <div class='ocr_carea' id='block_1_104' title="bbox 2138 4827 3671 4908">
    <p class='ocr_par' dir='ltr' id='par_1_104' title="bbox 2138 4827 3671 4908">
     <span class='ocr_line' id='line_1_104' title="bbox 2138 4827 3671 4908; baseline 0.007 -29"><span class='ocrx_word' id='word_1_709' title='bbox 2138 4827 2233 4896; x_wconf 79' lang='grc' dir='ltr'>τῆς</span> <span class='ocrx_word' id='word_1_710' title='bbox 2259 4830 2405 4898; x_wconf 71' lang='grc' dir='ltr'>παρὰ</span> <span class='ocrx_word' id='word_1_711' title='bbox 2434 4829 2547 4882; x_wconf 82' lang='grc' dir='ltr'><strong>τῶν</strong></span> <span class='ocrx_word' id='word_1_712' title='bbox 2592 4830 2865 4900; x_wconf 86' lang='grc' dir='ltr'>πολεμίων</span> <span class='ocrx_word' id='word_1_713' title='bbox 2897 4835 3164 4904; x_wconf 82' lang='grc' dir='ltr'>πονηρίας</span> <span class='ocrx_word' id='word_1_714' title='bbox 3216 4836 3446 4906; x_wconf 80' lang='grc' dir='ltr'>μέγιστα</span> <span class='ocrx_word' id='word_1_715' title='bbox 3487 4839 3671 4908; x_wconf 71' lang='grc' dir='ltr'>ὠφελη-</span> 
     </span>
    </p>
   </div>
   <div class='ocr_carea' id='block_1_105' title="bbox 2137 4919 3670 4999">
    <p class='ocr_par' dir='ltr' id='par_1_105' title="bbox 2137 4919 3670 4999">
     <span class='ocr_line' id='line_1_105' title="bbox 2137 4919 3670 4999; baseline 0.006 -26"><span class='ocrx_word' id='word_1_716' title='bbox 2137 4920 2340 4984; x_wconf 78' lang='grc' dir='ltr'>θέντες.</span> <span class='ocrx_word' id='word_1_717' title='bbox 2397 4921 2454 4974; x_wconf 88' lang='lat'><strong>&#39;0</strong></span> <span class='ocrx_word' id='word_1_718' title='bbox 2489 4923 2663 4992; x_wconf 85' lang='grc' dir='ltr'>μέγας</span> <span class='ocrx_word' id='word_1_719' title='bbox 2701 4923 2757 4976; x_wconf 79' lang='grc' dir='ltr'>δὲ</span> <span class='ocrx_word' id='word_1_720' title='bbox 2786 4925 2908 4990; x_wconf 80' lang='grc' dir='ltr'>δοὺξ</span> <span class='ocrx_word' id='word_1_721' title='bbox 2934 4927 3262 4997; x_wconf 79' lang='grc' dir='ltr'>πυθόμενος,</span> <span class='ocrx_word' id='word_1_722' title='bbox 3289 4929 3363 4994; x_wconf 82' lang='grc' dir='ltr'>ὡς</span> <span class='ocrx_word' id='word_1_723' title='bbox 3398 4919 3526 4985; x_wconf 72' lang='grc' dir='ltr'>πάνυ</span> <span class='ocrx_word' id='word_1_724' title='bbox 3551 4930 3670 4999; x_wconf 81' lang='grc' dir='ltr'>φαύ-</span> 
     </span>
    </p>
   </div>
   <div class='ocr_carea' id='block_1_106' title="bbox 2133 5013 3667 5093">
    <p class='ocr_par' dir='ltr' id='par_1_106' title="bbox 2133 5013 3667 5093">
     <span class='ocr_line' id='line_1_106' title="bbox 2133 5013 3667 5093; baseline 0.007 -29"><span class='ocrx_word' id='word_1_725' title='bbox 2133 5013 2232 5080; x_wconf 56' lang='grc' dir='ltr'><strong>λην</strong></span> <span class='ocrx_word' id='word_1_726' title='bbox 2263 5016 2414 5080; x_wconf 85' lang='grc' dir='ltr'>ἀγων</span> <span class='ocrx_word' id='word_1_727' title='bbox 2458 5019 2742 5083; x_wconf 82' lang='grc' dir='ltr'>στρατιὰν,</span> <span class='ocrx_word' id='word_1_728' title='bbox 2775 5017 2868 5068; x_wconf 79' lang='grc' dir='ltr'>καὶ</span> <span class='ocrx_word' id='word_1_729' title='bbox 2909 5019 2964 5080; x_wconf 86' lang='grc' dir='ltr'><strong>ἐς</strong></span> <span class='ocrx_word' id='word_1_730' title='bbox 2993 5021 3059 5072; x_wconf 86' lang='grc' dir='ltr'><strong>τά</strong></span> <span class='ocrx_word' id='word_1_731' title='bbox 3095 5021 3331 5090; x_wconf 80' lang='grc' dir='ltr'>μάλιστα</span> <span class='ocrx_word' id='word_1_732' title='bbox 3358 5024 3667 5093; x_wconf 69' lang='grc' dir='ltr'>εὐεπιχείρη-</span> 
     </span>
    </p>
   </div>
   <div class='ocr_carea' id='block_1_107' title="bbox 2129 5104 3661 5185">
    <p class='ocr_par' dir='ltr' id='par_1_107' title="bbox 2129 5104 3661 5185">
     <span class='ocr_line' id='line_1_107' title="bbox 2129 5104 3661 5185; baseline 0.005 -27"><span class='ocrx_word' id='word_1_733' title='bbox 2129 5121 2220 5168; x_wconf 83' lang='grc' dir='ltr'><strong>τος</strong></span> <span class='ocrx_word' id='word_1_734' title='bbox 2269 5104 2366 5170; x_wconf 83' lang='grc' dir='ltr'><strong>ὢν,</strong></span> <span class='ocrx_word' id='word_1_735' title='bbox 2394 5106 2788 5178; x_wconf 79' lang='grc' dir='ltr'>ἀναστρέψειεν</span> <span class='ocrx_word' id='word_1_736' title='bbox 2819 5111 2882 5162; x_wconf 81' lang='grc' dir='ltr'><strong>ἐκ</strong></span> <span class='ocrx_word' id='word_1_737' title='bbox 2912 5111 3022 5163; x_wconf 89' lang='grc' dir='ltr'><strong>τῶν</strong></span> <span class='ocrx_word' id='word_1_738' title='bbox 3063 5116 3432 5185; x_wconf 80' lang='grc' dir='ltr'>γραμμάτων,</span> <span class='ocrx_word' id='word_1_739' title='bbox 3463 5117 3496 5170; x_wconf 78' lang='grc' dir='ltr'><strong>ἀ</strong></span> <span class='ocrx_word' id='word_1_740' title='bbox 3523 5131 3661 5182; x_wconf 78' lang='grc' dir='ltr'>μετα-</span> 
     </span>
    </p>
   </div>
   <div class='ocr_carea' id='block_1_108' title="bbox 2133 5198 3656 5277">
    <p class='ocr_par' dir='ltr' id='par_1_108' title="bbox 2133 5198 3656 5277">
     <span class='ocr_line' id='line_1_108' title="bbox 2133 5198 3656 5277; baseline 0.005 -28"><span class='ocrx_word' id='word_1_741' title='bbox 2133 5198 2413 5266; x_wconf 82' lang='grc' dir='ltr'>ποιήσειεν</span> <span class='ocrx_word' id='word_1_742' title='bbox 2452 5202 2478 5252; x_wconf 85' lang='grc' dir='ltr'><strong>ό</strong></span> <span class='ocrx_word' id='word_1_743' title='bbox 2513 5200 2784 5270; x_wconf 78' lang='grc' dir='ltr'>γαμὸρὸς,</span> <span class='ocrx_word' id='word_1_744' title='bbox 2828 5201 3031 5272; x_wconf 77' lang='grc' dir='ltr'>πολλὴν</span> <span class='ocrx_word' id='word_1_745' title='bbox 3065 5205 3215 5277; x_wconf 83' lang='grc' dir='ltr'>αὐτῷ</span> <span class='ocrx_word' id='word_1_746' title='bbox 3258 5209 3431 5276; x_wconf 79' lang='grc' dir='ltr'>ἐπῆγε</span> <span class='ocrx_word' id='word_1_747' title='bbox 3461 5207 3656 5276; x_wconf 67' lang='grc' dir='ltr'>μέμψιν,</span> 
     </span>
    </p>
   </div>
   <div class='ocr_carea' id='block_1_109' title="bbox 2129 5288 3657 5364">
    <p class='ocr_par' dir='ltr' id='par_1_109' title="bbox 2129 5288 3657 5364">
     <span class='ocr_line' id='line_1_109' title="bbox 2129 5288 3657 5364; baseline 0.003 -24"><span class='ocrx_word' id='word_1_748' title='bbox 2129 5288 2224 5340; x_wconf 80' lang='grc' dir='ltr'>καὶ</span> <span class='ocrx_word' id='word_1_749' title='bbox 2256 5289 2523 5358; x_wconf 72' lang='grc' dir='ltr'>ὠργίζετο</span> <span class='ocrx_word' id='word_1_750' title='bbox 2556 5291 2828 5359; x_wconf 84' lang='grc' dir='ltr'>φανερῶς,</span> <span class='ocrx_word' id='word_1_751' title='bbox 2859 5292 2939 5342; x_wconf 81' lang='grc' dir='ltr'>ὅτι</span> <span class='ocrx_word' id='word_1_752' title='bbox 2977 5292 3068 5345; x_wconf 84' lang='grc' dir='ltr'>τὸν</span> <span class='ocrx_word' id='word_1_753' title='bbox 3109 5295 3307 5364; x_wconf 75' lang='grc' dir='ltr'>ἐχθρὸν</span> <span class='ocrx_word' id='word_1_754' title='bbox 3335 5297 3393 5360; x_wconf 77' lang='grc' dir='ltr'>ἐξ</span> <span class='ocrx_word' id='word_1_755' title='bbox 3432 5294 3657 5354; x_wconf 74' lang='grc' dir='ltr'>ἀδουλία“ς</span> 
     </span>
    </p>
   </div>
   <div class='ocr_carea' id='block_1_110' title="bbox 459 5371 2044 5458">
    <p class='ocr_par' dir='ltr' id='par_1_110' title="bbox 459 5371 2027 5458">
     <span class='ocr_line' id='line_1_110' title="bbox 459 5371 2027 5458; baseline 0.012 -35"><span class='ocrx_word' id='word_1_756' title='bbox 459 5371 612 5426; x_wconf 83' lang='lat' dir='ltr'><strong>sibus</strong></span> <span class='ocrx_word' id='word_1_757' title='bbox 644 5381 699 5426; x_wconf 93' lang='lat' dir='ltr'><strong>et</strong></span> <span class='ocrx_word' id='word_1_758' title='bbox 730 5374 998 5430; x_wconf 87' lang='lat' dir='ltr'><strong>encomiis</strong></span> <span class='ocrx_word' id='word_1_759' title='bbox 1025 5376 1392 5446; x_wconf 84' lang='lat' dir='ltr'><strong>admirandis,</strong></span> <span class='ocrx_word' id='word_1_760' title='bbox 1427 5391 1781 5452; x_wconf 86' lang='lat' dir='ltr'><strong>servatorem,</strong></span> <span class='ocrx_word' id='word_1_761' title='bbox 1821 5404 2027 5458; x_wconf 84' lang='lat' dir='ltr'><strong>propu-</strong></span> 
     </span>
    </p>
   </div>
   <div class='ocr_carea' id='block_1_111' title="bbox 2143 5371 3652 5458">
    <p class='ocr_par' dir='ltr' id='par_1_111' title="bbox 2143 5379 3652 5457">
     <span class='ocr_line' id='line_1_111' title="bbox 2143 5379 3652 5457; baseline 0 -25"><span class='ocrx_word' id='word_1_762' title='bbox 2143 5381 2450 5448; x_wconf 70' lang='grc' dir='ltr'>ὺφελήσειε.</span> <span class='ocrx_word' id='word_1_763' title='bbox 2501 5379 2694 5434; x_wconf 78' lang='grc' dir='ltr'>Πολλοὶ</span> <span class='ocrx_word' id='word_1_764' title='bbox 2743 5381 2800 5434; x_wconf 78' lang='grc' dir='ltr'><strong>δέ</strong></span> <span class='ocrx_word' id='word_1_765' title='bbox 2859 5384 2953 5434; x_wconf 60' lang='grc' dir='ltr'><strong>καί⁹</strong></span> <span class='ocrx_word' id='word_1_766' title='bbox 2999 5383 3109 5437; x_wconf 80' lang='grc' dir='ltr'><strong>τῶν</strong></span> <span class='ocrx_word' id='word_1_767' title='bbox 3155 5386 3222 5439; x_wconf 82' lang='grc' dir='ltr'><strong>τά</strong></span> <span class='ocrx_word' id='word_1_768' title='bbox 3277 5387 3366 5438; x_wconf 84' lang='grc' dir='ltr'>ῐσα</span> <span class='ocrx_word' id='word_1_769' title='bbox 3403 5384 3652 5457; x_wconf 68' lang='grc' dir='ltr'>ᾑρημένων</span> 
     </span>
    </p>
   </div>
   <div class='ocr_carea' id='block_1_112' title="bbox 457 5465 2098 5547">
    <p class='ocr_par' dir='ltr' id='par_1_112' title="bbox 457 5465 2098 5547">
     <span class='ocr_line' id='line_1_112' title="bbox 457 5465 2098 5547; baseline 0.013 -32"><span class='ocrx_word' id='word_1_770' title='bbox 457 5473 762 5530; x_wconf 75' lang='lat' dir='ltr'><strong>gnatorem,</strong></span> <span class='ocrx_word' id='word_1_771' title='bbox 793 5465 1145 5524; x_wconf 86' lang='lat' dir='ltr'><strong>liberatorem</strong></span> <span class='ocrx_word' id='word_1_772' title='bbox 1181 5473 1489 5529; x_wconf 89' lang='lat' dir='ltr'><strong>vocitantes</strong></span> <span class='ocrx_word' id='word_1_773' title='bbox 1517 5489 1876 5547; x_wconf 82' lang='lat' dir='ltr'><strong>exceperunt.</strong></span> <span class='ocrx_word' id='word_1_774' title='bbox 1900 5480 2024 5535; x_wconf 89' lang='lat' dir='ltr'><strong>Cir-</strong></span> <span class='ocrx_word' id='word_1_775' title='bbox 2081 5510 2098 5517; x_wconf 86' lang='lat'>—</span> 
     </span>
    </p>
   </div>
   <div class='ocr_carea' id='block_1_113' title="bbox 2139 5473 3651 5550">
    <p class='ocr_par' dir='ltr' id='par_1_113' title="bbox 2139 5473 3651 5550">
     <span class='ocr_line' id='line_1_113' title="bbox 2139 5473 3651 5550; baseline 0.007 -26"><span class='ocrx_word' id='word_1_776' title='bbox 2139 5473 2485 5543; x_wconf 83' lang='grc' dir='ltr'>Ἀποκαύχῳ,</span> <span class='ocrx_word' id='word_1_777' title='bbox 2518 5475 2611 5527; x_wconf 78' lang='grc' dir='ltr'>καὶ</span> <span class='ocrx_word' id='word_1_778' title='bbox 2639 5475 2896 5538; x_wconf 85' lang='grc' dir='ltr'>ἀπιστίας</span> <span class='ocrx_word' id='word_1_779' title='bbox 2931 5480 3396 5550; x_wconf 83' lang='grc' dir='ltr'>πρωτοστράτορα</span> <span class='ocrx_word' id='word_1_780' title='bbox 3421 5479 3651 5549; x_wconf 60' lang='grc' dir='ltr'>ἐγράψαν-</span> 
     </span>
    </p>
   </div>
   <div class='ocr_carea' id='block_1_114' title="bbox 453 5558 2044 5642">
    <p class='ocr_par' dir='ltr' id='par_1_114' title="bbox 453 5558 2024 5630">
     <span class='ocr_line' id='line_1_114' title="bbox 453 5558 2024 5630; baseline 0.014 -26"><span class='ocrx_word' id='word_1_781' title='bbox 453 5567 804 5622; x_wconf 86' lang='lat' dir='ltr'><strong>cumquaque</strong></span> <span class='ocrx_word' id='word_1_782' title='bbox 837 5564 951 5610; x_wconf 89' lang='lat' dir='ltr'><strong>tum</strong></span> <span class='ocrx_word' id='word_1_783' title='bbox 1004 5558 1145 5614; x_wconf 87' lang='lat' dir='ltr'><strong>fama</strong></span> <span class='ocrx_word' id='word_1_784' title='bbox 1185 5563 1522 5630; x_wconf 87' lang='lat' dir='ltr'><strong>percrebuit,</strong></span> <span class='ocrx_word' id='word_1_785' title='bbox 1581 5565 2024 5625; x_wconf 84' lang='lat' dir='ltr'><strong>Cantacuzenum</strong></span> 
     </span>
    </p>
   </div>
   <div class='ocr_carea' id='block_1_115' title="bbox 2143 5558 3648 5642">
    <p class='ocr_par' dir='ltr' id='par_1_115' title="bbox 2143 5562 3648 5642">
     <span class='ocr_line' id='line_1_115' title="bbox 2143 5562 3648 5642; baseline 0 -24"><span class='ocrx_word' id='word_1_786' title='bbox 2143 5583 2207 5629; x_wconf 72' lang='grc' dir='ltr'>πο,</span> <span class='ocrx_word' id='word_1_787' title='bbox 2234 5566 2310 5628; x_wconf 85' lang='grc' dir='ltr'>ὡς</span> <span class='ocrx_word' id='word_1_788' title='bbox 2336 5567 2479 5618; x_wconf 86' lang='grc' dir='ltr'>ἐκὼν</span> <span class='ocrx_word' id='word_1_789' title='bbox 2507 5562 2650 5620; x_wconf 75' lang='grc' dir='ltr'>εἶναι</span> <span class='ocrx_word' id='word_1_790' title='bbox 2693 5569 3148 5642; x_wconf 76' lang='grc' dir='ltr'>Καντακουζηνόν</span> <span class='ocrx_word' id='word_1_791' title='bbox 3175 5571 3499 5642; x_wconf 80' lang='grc' dir='ltr'>ὠφελήσειεν</span> <span class='ocrx_word' id='word_1_792' title='bbox 3525 5571 3648 5637; x_wconf 68' lang='grc' dir='ltr'>ἰσχυ-</span> 
     </span>
    </p>
   </div>
   <div class='ocr_carea' id='block_1_116' title="bbox 451 5643 2020 5727">
    <p class='ocr_par' dir='ltr' id='par_1_116' title="bbox 451 5643 2020 5727">
     <span class='ocr_line' id='line_1_116' title="bbox 451 5643 2020 5727; baseline 0.013 -32"><span class='ocrx_word' id='word_1_793' title='bbox 451 5658 523 5696; x_wconf 86' lang='lat' dir='ltr'><strong>ne</strong></span> <span class='ocrx_word' id='word_1_794' title='bbox 573 5643 868 5701; x_wconf 89' lang='lat' dir='ltr'><strong>audentem</strong></span> <span class='ocrx_word' id='word_1_795' title='bbox 923 5650 1142 5718; x_wconf 88' lang='lat' dir='ltr'><strong>quidem</strong></span> <span class='ocrx_word' id='word_1_796' title='bbox 1201 5653 1414 5708; x_wconf 83' lang='lat' dir='ltr'><strong>obtueri</strong></span> <span class='ocrx_word' id='word_1_797' title='bbox 1479 5671 1736 5727; x_wconf 75' lang='lat' dir='ltr'><strong>magnum</strong></span> <span class='ocrx_word' id='word_1_798' title='bbox 1801 5659 2020 5726; x_wconf 90' lang='lat' dir='ltr'><strong>ducem,</strong></span> 
     </span>
    </p>
   </div>
   <div class='ocr_carea' id='block_1_117' title="bbox 451 5739 2021 5810">
    <p class='ocr_par' dir='ltr' id='par_1_117' title="bbox 451 5739 2021 5810">
     <span class='ocr_line' id='line_1_117' title="bbox 451 5739 2021 5810; baseline 0.011 -21"><span class='ocrx_word' id='word_1_799' title='bbox 451 5739 743 5808; x_wconf 85' lang='lat' dir='ltr'><strong>desperata</strong></span> <span class='ocrx_word' id='word_1_800' title='bbox 795 5740 969 5797; x_wconf 86' lang='lat' dir='ltr'><strong>salute</strong></span> <span class='ocrx_word' id='word_1_801' title='bbox 1013 5744 1329 5810; x_wconf 81' lang='lat' dir='ltr'><strong>revertisse,</strong></span> <span class='ocrx_word' id='word_1_802' title='bbox 1384 5757 1441 5802; x_wconf 90' lang='lat' dir='ltr'><strong>et</strong></span> <span class='ocrx_word' id='word_1_803' title='bbox 1487 5749 1552 5803; x_wconf 90' lang='lat' dir='ltr'><strong>ad</strong></span> <span class='ocrx_word' id='word_1_804' title='bbox 1584 5761 1834 5806; x_wconf 87' lang='lat' dir='ltr'><strong>sanetum</strong></span> <span class='ocrx_word' id='word_1_805' title='bbox 1867 5769 2021 5806; x_wconf 85' lang='lat' dir='ltr'><strong>mon-</strong></span> 
     </span>
    </p>
   </div>
   <div class='ocr_carea' id='block_1_118' title="bbox 2126 5660 3647 5736">
    <p class='ocr_par' dir='ltr' id='par_1_118' title="bbox 2126 5660 3647 5736">
     <span class='ocr_line' id='line_1_118' title="bbox 2126 5660 3647 5736; baseline 0.004 -23"><span class='ocrx_word' id='word_1_806' title='bbox 2126 5661 2403 5733; x_wconf 78' lang='grc' dir='ltr'>ριζόμενοι</span> <span class='ocrx_word' id='word_1_807' title='bbox 2429 5660 2618 5732; x_wconf 84' lang='grc' dir='ltr'>κρύφα</span> <span class='ocrx_word' id='word_1_808' title='bbox 2648 5661 2718 5716; x_wconf 83' lang='grc' dir='ltr'>τὰ</span> <span class='ocrx_word' id='word_1_809' title='bbox 2750 5664 2958 5718; x_wconf 87' lang='grc' dir='ltr'>ἐκείνου</span> <span class='ocrx_word' id='word_1_810' title='bbox 2997 5663 3293 5736; x_wconf 78' lang='grc' dir='ltr'>ᾑρημένος.</span> <span class='ocrx_word' id='word_1_811' title='bbox 3347 5665 3407 5717; x_wconf 89' lang='lat'><strong>&#39;0</strong></span> <span class='ocrx_word' id='word_1_812' title='bbox 3429 5664 3472 5716; x_wconf 76' lang='grc' dir='ltr'>δ’</span> <span class='ocrx_word' id='word_1_813' title='bbox 3496 5666 3647 5731; x_wconf 79' lang='grc' dir='ltr'>ὅρκοις</span> 
     </span>
    </p>
   </div>
   <div class='ocr_carea' id='block_1_119' title="bbox 2122 5751 3643 5825">
    <p class='ocr_par' dir='ltr' id='par_1_119' title="bbox 2122 5751 3643 5825">
     <span class='ocr_line' id='line_1_119' title="bbox 2122 5751 3643 5825; baseline -0.002 -20"><span class='ocrx_word' id='word_1_814' title='bbox 2122 5751 2516 5819; x_wconf 65' lang='grc' dir='ltr'>διεϐεϐαιοῦτο,</span> <span class='ocrx_word' id='word_1_815' title='bbox 2566 5753 2643 5817; x_wconf 85' lang='grc' dir='ltr'><strong>ὡς</strong></span> <span class='ocrx_word' id='word_1_816' title='bbox 2695 5755 2850 5807; x_wconf 77' lang='grc' dir='ltr'>οὐδὲν</span> <span class='ocrx_word' id='word_1_817' title='bbox 2902 5756 3051 5825; x_wconf 77' lang='grc' dir='ltr'>αὐτῷ</span> <span class='ocrx_word' id='word_1_818' title='bbox 3095 5753 3342 5808; x_wconf 77' lang='grc' dir='ltr'>το.οὖτον</span> <span class='ocrx_word' id='word_1_819' title='bbox 3384 5753 3643 5818; x_wconf 77' lang='grc' dir='ltr'>συνειδείη,</span> 
     </span>
    </p>
   </div>
   <div class='ocr_carea' id='block_1_120' title="bbox 449 5831 2044 5952">
    <p class='ocr_par' dir='ltr' id='par_1_120' title="bbox 449 5831 2018 5910">
     <span class='ocr_line' id='line_1_120' title="bbox 449 5831 2018 5910; baseline 0.011 -26"><span class='ocrx_word' id='word_1_820' title='bbox 449 5839 564 5885; x_wconf 84' lang='lat' dir='ltr'><strong>tem</strong></span> <span class='ocrx_word' id='word_1_821' title='bbox 642 5831 715 5889; x_wconf 88' lang='lat' dir='ltr'><strong>ibi</strong></span> <span class='ocrx_word' id='word_1_822' title='bbox 777 5849 965 5891; x_wconf 87' lang='lat' dir='ltr'><strong>revera</strong></span> <span class='ocrx_word' id='word_1_823' title='bbox 1017 5837 1346 5893; x_wconf 84' lang='lat' dir='ltr'><strong>monachum</strong></span> <span class='ocrx_word' id='word_1_824' title='bbox 1406 5841 1779 5910; x_wconf 74' lang='lat' dir='ltr'><strong>professarum</strong></span> <span class='ocrx_word' id='word_1_825' title='bbox 1867 5846 2018 5902; x_wconf 83' lang='lat' dir='ltr'><strong>abire</strong></span> 
     </span>
    </p>
   </div>
   <div class='ocr_carea' id='block_1_121' title="bbox 2143 5831 3640 5952">
    <p class='ocr_par' dir='ltr' id='par_1_121' title="bbox 2143 5844 3640 5952">
     <span class='ocr_line' id='line_1_121' title="bbox 2143 5844 3640 5921; baseline -0.001 -23"><span class='ocrx_word' id='word_1_826' title='bbox 2143 5844 2244 5898; x_wconf 65' lang='grc' dir='ltr'>ἰλλ⁹</span> <span class='ocrx_word' id='word_1_827' title='bbox 2280 5845 2469 5917; x_wconf 80' lang='grc' dir='ltr'>ὥσπερ</span> <span class='ocrx_word' id='word_1_828' title='bbox 2495 5845 2600 5900; x_wconf 82' lang='grc' dir='ltr'><strong>ὑπό</strong></span> <span class='ocrx_word' id='word_1_829' title='bbox 2625 5865 2763 5914; x_wconf 81' lang='grc' dir='ltr'>τινος</span> <span class='ocrx_word' id='word_1_830' title='bbox 2793 5848 3053 5919; x_wconf 52' lang='grc' dir='ltr'>ἀγόμενος</span> <span class='ocrx_word' id='word_1_831' title='bbox 3078 5849 3357 5921; x_wconf 79' lang='grc' dir='ltr'>δυνάμεως</span> <span class='ocrx_word' id='word_1_832' title='bbox 3382 5849 3640 5921; x_wconf 65' lang='grc' dir='ltr'>κρείττονος</span> 
     </span>
     <span class='ocr_line' id='line_1_122' title="bbox 2900 5931 2927 5952; baseline 0 0"><span class='ocrx_word' id='word_1_833' title='bbox 2900 5931 2927 5952; x_wconf 73' lang='grc' dir='ltr'><strong><em>ο</em></strong></span> 
     </span>
    </p>
   </div>
  </div>
