3962 6576
1398 264 1413 290 ἱ

318 413 457 478 1“?)

1438 421 1985 485 HISTORIARUM
2028 421 2263 482 LIBER
2307 421 2424 480 lii.

3344 474 3349 477 -
3427 423 3566 492 10ζο

320 529 753 600 ἀναστήσεσθαι,
782 531 916 586 ἀλλὰ
936 534 1202 606 διηνεκῶς
1233 534 1420 590 αὐτόθι
1454 520 1640 606 μενεῖν
1664 536 1880 588 ἐπικου-

1994 531 2086 587 bic
2135 532 2269 588 fiunt
2294 575 2309 598 ,
2359 536 2542 589 omnia
2577 534 2764 592 divino
2798 544 2933 593 nutu
2970 535 3082 592 fieri
3114 580 3128 603 ,
3160 545 3216 592 et
3248 535 3562 609 huiusmodi

322 623 592 692 ροῦντας’
639 624 784 678 οὓτω
831 626 940 697 γὰρ
987 627 1171 691 αὐτοῖς
1228 624 1366 681 εἶναι
1404 628 1887 699 προστεταγμένον

317 717 471 784 παρὰ
511 715 777 785 βασιλέως
805 718 901 772 τοῦ
932 720 1221 792 σφετέρου.
1257 718 1323 775 Ἥ
1353 721 1576 792 τοιαύτη
1606 721 1892 795 ostia-.010-

313 807 413 876 γία
467 809 669 879 πολλὴν
725 811 950 865 ἐνέϐαλε
994 812 1243 884 ταραχὴν
1295 814 1391 867 καὶ
1440 815 1632 867 πτοίαν
1689 816 1802 876 τοῖς
1832 816 1890 866 ὲν

311 899 716 972 Διδυμοτείχῳ’
758 904 861 975 ἤδη
904 905 1015 975 γὰρ
1065 906 1250 969 αὐτοῖς
1288 904 1543 974 ἐφαίνετο
1592 906 1621 958 ὁ
1665 904 1889 974 ὄλεθρος

313 990 582 1059 ἐλλείπων
617 993 738 1045 κατ’
773 995 950 1048 οὐδέν.
998 994 1056 1048 ’0
1097 993 1154 1047 δὲ
1202 996 1301 1062 τῆς
1336 995 1546 1058 πόλεως
1592 994 1888 1065 ἀρχιερεὺς

315 1081 457 1151 ὀρῶν
478 1082 577 1153 ἢδη
605 1084 1026 1154 κλονουμένους,
1049 1087 1143 1140 καὶ
1162 1087 1301 1157 πρὸς
1332 1088 1429 1157 τὴν
1454 1087 1759 1159 ὑπερϐολὴν
1789 1087 1888 1157 τῆς

314 1173 655 1245 δυσπραγίας
736 1177 1069 1242 ἐνδιδόντας,
1129 1197 1226 1239 πα,
1248 1178 1416 1233 ελθὼν
1494 1181 1573 1242 εἰς
1631 1179 1878 1247 μέσῦυςν

262 1333 283 1342 _
314 1267 728 1339 παρεθάρρυνε,
768 1272 863 1324 καὶ
891 1271 988 1323 οὐκ
1027 1271 1113 1324 et:
1144 1272 1537 1335 καταπίπτειν,
1571 1271 1712 1323 κατὰ
1746 1270 1889 1337 γνώ-

245 1427 251 1434 _
315 1376 427 1429 μην
470 1360 593 1427 Θεῴ
624 1361 806 1414 πάντα
830 1366 895 1414 τὰ
925 1363 1051 1432 τῇδε
1082 1363 1418 1433 πράττεσθαι
1446 1352 1637 1429 εἰπὼν,
1669 1366 1763 1419 καὶ
1790 1362 1886 1427 τὰς

309 1447 570 1511 τοιαύτας
600 1450 868 1519 ἐπηρείας
901 1451 994 1503 ὐπ’
1034 1453 1247 1506 ἐκείνου
1285 1453 1754 1524 παραχωρεῖσθαι,
1798 1452 1885 1506 ἵνα

309 1540 373 1592 τὸ
401 1541 537 1610 πρὸς
580 1541 808 1610 βασιλέα
850 1543 1078 1616 φίλτρον
1107 1545 1262 1614 ὐμῶν
1294 1545 1601 1615 δοκιμασθῇ
1634 1560 1646 1574 '
1682 1544 1737 1608 ὃς
1764 1545 1885 1615 ἣξει

285 1649 371 1684 τε
405 1634 541 1702 μετὰ
575 1633 795 1704 μικρὶν,
841 1636 934 1687 καὶ
969 1636 1174 1699 πάντας
1201 1635 1496 1706 ἀμείψεται
1530 1640 1647 1701 ταῖς
1675 1654 1885 1708 προση-

311 1718 540 1783 κούσαις
592 1721 960 1790 εὐεργεσίαις.
999 1725 1149 1793 Μηδέ
1196 1726 1304 1796 γὰρ
1343 1726 1524 1779 οἴεσθε
1560 1729 1770 1780 ἐκεῖνον
1808 1727 1884 1799 μὴ

309 1808 453 1862 κατὰ
495 1808 733 1880 γνώμην
781 1811 1098 1881 βασιλεύειν
1146 1813 1301 1884 Θεῷ-
1357 1814 1515 1868 τοῦτο
1568 1817 1676 1886 γὰρ
1720 1817 1882 1881 αὐτὸς

312 1900 631 1969 σαφέστατα
687 1902 912 1957 εἰδέναι.
967 1905 1501 1977 Ἀμφισῦητῶνγὰρ
1541 1908 1781 1977 ἔφασκεν
1827 1912 1885 1963 ἐν

308 1995 450 2063 ἀρχῇ
478 1994 605 2064 περὶ
630 1993 865 2057 ἐκείνου,
893 1995 939 2047 εἰ
966 1995 1041 2065 μὴ
1068 1997 1188 2050 κατ’
1216 1998 1487 2065 εὐδοκίαν,
1515 2001 1653 2077 ἀλλὰ
1680 2003 1887 2069 μᾶλλον

306 2083 449 2135 κατὰ
481 2083 877 2155 παραχώρησιν
929 2082 1067 2138 Θεοῦ
1099 2088 1179 2142 εἰς
1221 2088 1378 2142 τοῦτο
1423 2085 1554 2160 ἦλθε
1608 2094 1891 2161 σχήματος

316 2172 424 2245 ἰδία
471 2174 794 2244 πειθόμενος
836 2175 1104 2249 ἐπιθυμία
1142 2182 1234 2232 καὶ
1300 2180 1472 2252 ὁρμῇ,
1509 2185 1601 2237 καὶ
1631 2183 1887 2248 δεδοικὼς

313 2264 390 2338 μὴ
420 2268 516 2320 καὶ
546 2266 707 2331 αὐτὸς
752 2270 1123 2330 συναπόλοιτο,
1148 2273 1260 2332 τοῖς
1295 2271 1415 2342 Θεῷ
1447 2271 1620 2326 συνὼν
1657 2275 1879 2345 βουλευ-

309 2357 568 2425 σαμένοις
606 2356 829 2414 ἓναντία
865 2363 1054 2434 εὐχαῖς
1091 2367 1477 2435 προσανέχειν,
1532 2370 1626 2422 καὶ
1662 2368 1883 2439 δεήσεσι

298 2448 368 2504 “τδ
394 2449 547 2505 Θεῖον
580 2452 954 2521 ἐκκαλεῖσθαι,
988 2454 1129 2508 ὥστε
1183 2456 1500 2529 διδαχθῆναι
1532 2459 1663 2530 περὶ
1695 2460 1884 2526 αὐτοῦ,

306 2544 357 2594 εί
394 2541 467 2612 μὴ
488 2543 760 2612 ὀργίζοιτο
785 2551 912 2616 περπ.
935 2547 1045 2600 τῶν
1066 2549 1398 2619 γινομένων.
1441 2544 1882 2622 Ἐκκαλυᾳθῆναι

304 2632 364 2684 δέ
419 2632 566 2704 αὐτῷ
624 2636 774 2706 παρὰ
822 2635 919 2690 τοῦ
971 2637 1283 2709 πνεύματος
1332 2642 1414 2695 ὃτι
1468 2645 1591 2696 κατ’
1637 2645 1884 2701 εὐδοκίαν

313 2722 517 2791 μᾶλλον
546 2724 634 2796 εἴη
684 2726 744 2778 τὸ
797 2726 1107 2798 βασιλεύειν
1153 2730 1633 2802 Καντακουζηνὸν,
1691 2727 1736 2802 ᾧ
1787 2738 1881 2789 καὶ

307 2815 605 2870 πεισθέντα
655 2819 750 2872 καὶ
796 2820 979 2873 πᾶσαν
1033 2822 1371 2891 ἀμφιϐολίαν
1424 2825 1771 2893 ἀποθέμενον
1823 2829 1881 2880 ἐν
1918 2817 1932 2828 ’

301 2910 674 2983 Διδυμοτείχῳ
707 2914 893 2984 μένειν
927 2916 994 2987 τῇ
1033 2915 1289 2986 βουλήσει
1323 2917 1414 2971 τοῦ
1449 2917 1586 2971 Θεοῦ
1624 2921 1878 2991 συναιρό-

307 3016 471 3067 μενον
502 3003 569 3055 τὰ
599 3002 824 3059 δυνατά.
854 3004 928 3058 Οὐ
958 3007 1069 3075 γὰρ
1096 3004 1162 3060 ἄν
1191 3019 1276 3070 τις
1316 3007 1482 3061 αὖτοῦ
1519 3012 1875 3080 κατηγοροῖη,

306 3092 389 3144 ὃτι
419 3092 526 3145 τῶν
544 3095 615 3146 ’ἐν
644 3093 722 3164 τῷ
752 3097 980 3168 παρόντι
1015 3096 1116 3168 βίῳ
1156 3095 1308 3162 τινὸς
1335 3099 1509 3153 δέοιτο
1541 3102 1693 3172 παρὰ
1725 3102 1880 3171 plot-

303 3183 443 3249 λέως
465 3202 479 3219 δ
504 3186 649 3262 οὔτε.
670 3190 782 3261 γὰρ
826 3190 1115 3262 πρότερον,
1153 3191 1277 3246 οὐτε
1305 3201 1467 3265 μέχρι
1509 3194 1602 3248 νῦν
1634 3197 1876 3251 τοιούτου

305 3278 455 3341 τινὸς
492 3281 642 3353 παρά
658 3297 803 3347 τινος
834 3283 1052 3355 ἐδεήθηο
1088 3286 1181 3340 καὶ
1218 3289 1402 3351 αὐτοῖς
1442 3290 1729 3358 παραινεῖν
1760 3291 1879 3343 νυνὶ

302 3369 572 3443 γενναίως
605 3370 857 3451 ἵστασθαι
889 3376 1025 3445 πρὸς
1054 3376 1162 3429 τῶν
1205 3378 1397 3430 δεινῶν
1427 3379 1523 3442 τὰς
1555 3381 1875 3449 ἐπαγωγὰς,

302 3458 382 3523 ὡς
436 3461 499 3514 οὐ
553 3462 716 3534 μέχρι
769 3464 966 3519 πολλοῦ
1012 3484 1157 3533 τινος
1204 3469 1490 3539 ἐσομένας,
1547 3469 1663 3524 ἀλλ’
1713 3471 1879 3543 ὀλίγῳ

303 3547 535 3623 ὕστερον
572 3553 951 3626 λυθησομένας
1004 3557 1166 3612 ἵλεων
1227 3562 1415 3623 αὐτοῖς
1477 3561 1875 3630 ἐπιθλέψαντος

305 3641 631 3709 Θεοῦοτούς
672 3648 779 3719 γὰρ
828 3649 1256 3720 πολιορκοῦντας
1299 3652 1513 3718 τούτοις
1545 3655 1763 3718 Μυσοὺς
1818 3658 1877 3709 ἐν

301 3738 659 3809 προσχήματι
690 3741 873 3809 φιλίας
894 3741 989 3794 καὶ
1010 3743 1109 3814 τὴν
1132 3743 1413 3815 παροῦσαν
1438 3748 1645 3800 ἔνδειαν
1671 3749 1880 3815 ἐπαγαε

300 3826 504 3897 γόντας
553 3832 611 3883 ἐν
662 3832 804 3886 ἑπτὰ
856 3835 978 3896 ταῖς
1025 3837 1318 3904 ἐσομέναις
1353 3836 1591 3905 μάλιστα
1642 3839 1879 3909 ἡμέραις

299 3921 728 3991 συμπατοῦντας
754 3924 953 3994 ὄψεσθε
980 3926 1267 3995 ἀλλήλους,
1292 3924 1549 4000 καὶξρυγῇ
1571 3931 1672 4001 τὴν
1696 3948 1874 4003 σωτη-

304 4014 429 4083 ρίαν
463 4015 887 4086 ποριζομένους,
933 4021 1030 4072 καὶ
1065 4020 1172 4073 τῶν
1215 4014 1589 4093 περισχόντων
1629 4025 1876 4080 ἀπαλλά-

297 4104 463 4170 ξεσθε
510 4106 722 4162 δεινῶν.
779 4107 839 4161 '0
889 4109 988 4180 μὲν
1031 4106 1125 4164 οὖν
1184 4113 1594 4184 μητροπολίτης
1650 4115 1877 4170 τοιαῦτα

301 4190 451 4254 εἷπε.
495 4199 628 4251 πᾶσι
661 4198 717 4251 δὲ
750 4200 915 4265 εὐθὺς
950 4201 1153 4271 ἐπῆλθε
1188 4202 1744 4276 βελτίομπροσδοκᾷν,
1783 4209 1877 4262 καὶ

297 4285 405 4350 τῆς
443 4285 686 4356 ἀθυμίας
726 4288 1154 4358 ἀπηλλάττοντο.
1199 4293 1435 4365 ’ᾙδεσαν
1469 4284 1777 4364 γὰράὐτὸν
1810 4297 1879 4350 τὰ

304 4375 570 4446 μέλλοντα
594 4380 795 4441 εἰδέναι
822 4383 1044 4451 μᾶλλον,
1070 4384 1194 4456 ἦτα
1212 4385 1628 4457 παρεληλυθότα
1650 4389 1736 4443 ἓτε
1746 4407 1838 4461 ρον
1855 4433 1871 4455 ,

295 4471 399 4522 καὶ
424 4468 496 4532 ὼς
524 4473 928 4542 προφητεύοντι
962 4479 1252 4547 προσείχον
1275 4480 1545 4550 φανερῶς.
1569 4482 1874 4560 Διηπὸρουν
1906 4487 1911 4492 ”

1999 621 2252 677 miserias
2280 613 2443 693 atque
2480 625 2663 681 clades
2695 627 2861 681 Deum
2893 628 3248 698 permittere,
3280 637 3340 684 ut
3369 609 3559 683 eorum

1999 726 2129 783 erga
2164 713 2552 782 imperatorem
2585 731 2741 770 amor
2776 717 3214 790 illustretur,qui
3246 720 3562 790 propediem

1990 813 2258 858 venturus
2308 814 2365 859 ει
2408 822 2505 877 pro
2538 822 2604 861 eo
2659 824 2721 863 ac
2775 821 3071 877 mereatur,
3119 829 3565 885 unumquemque

1983 889 2445 952 i'emuneraturus
2475 900 2565 953 sit.
2603 900 2722 956 Non
2749 903 2893 957 enim
2930 906 3255 974 putandum,
3291 922 3417 962 eum
3455 907 3565 965 Deo

1991 989 2214 1044 nolente
2267 990 2537 1061 imperare
2584 1032 2600 1057 ,
2630 994 2741 1048 imo
2787 997 3003 1051 volente
3028 1037 3042 1061 ,
3092 999 3236 1069 quod
3272 1001 3387 1070 ipse
3417 1003 3568 1055 norit

1994 1081 2324 1137 certissimo.
2373 1083 2512 1138 Nam
2553 1101 2677 1141 cum
2723 1088 2991 1158 principio
3021 1090 3298 1146 dubitaret
3331 1108 3459 1146 num
3486 1091 3569 1146 di-

1993 1171 2116 1227 vina
2147 1175 2431 1245 voluntate
2452 1218 2469 1243 ,
2503 1193 2572 1232 an
2604 1177 2957 1250 indulgentiae
2982 1181 3169 1249 potius
3196 1190 3250 1237 et
3275 1183 3565 1254 cupiditati

1990 1279 2101 1319 suae
2161 1281 2225 1320 ac
2269 1267 2505 1323 lubidini
2540 1270 2858 1334 obsecutus,
2893 1288 3191 1343 purpuram
3243 1272 3569 1348 assumpsis-

1990 1367 2102 1422 set,
2135 1358 2460 1432 timeretque
2488 1378 2554 1415 ne
2581 1364 2630 1417 si
2663 1363 2731 1417 ab
2778 1363 2885 1418 illis
2925 1375 3071 1420 esset
3093 1408 3109 1433 ,
3154 1384 3387 1436 quorum
3420 1370 3568 1438 cogi-

1991 1449 2227 1517 tationes
2274 1450 2386 1506 Deo
2436 1456 2733 1509 contrariae
2783 1466 2932 1520 sunt,
2968 1474 3072 1512 una
3107 1475 3233 1514 eum
3266 1461 3373 1516 illis
3401 1465 3565 1529 etiam

1992 1539 2223 1608 periret,
2256 1541 2321 1597 ad
2352 1559 2543 1613 preces
2576 1556 2633 1600 et
2679 1553 2803 1600 vota
2836 1546 3174 1611 incubuisse,
3210 1550 3566 1622 divinumque

1986 1646 2189 1687 numen
2236 1620 2494 1705 fatigasse
2547 1645 2605 1690 ut
2652 1652 2711 1691 se
2758 1637 3001 1703 doceret,
3045 1641 3243 1710 ecquid
3303 1643 3409 1701 sibi
3463 1646 3566 1701 ista

1988 1722 2378 1792 probarentur.
2434 1724 2572 1780 Tum
2643 1727 2748 1783 sibi
2798 1745 2896 1798 per
2949 1731 3202 1799 Spiritum
3265 1735 3565 1790 revelatum

1986 1815 2208 1885 placere
2262 1818 2411 1883 Deo,
2463 1820 2909 1877 Cantaruzenum
2961 1823 3255 1894 imprrare.
3312 1824 3380 1881 Se
3432 1842 3567 1881 vero

1988 1907 2125 1963 citra
2194 1909 2592 1968 hasitationem
2668 1914 3015 1978 credidisse,
3078 1924 3131 1971 et
3198 1917 3566 1989 Didymotiebi

2003 2013 2226 2055 manere
2253 2042 2269 2067 ,
2300 2013 2359 2056 ut
2385 2016 2656 2074 quantum
2687 2007 2878 2076 possit.
2912 2023 3133 2076 operam
3164 2024 3227 2064 ac
3258 2009 3435 2064 studia
3470 2027 3567 2064 sua

1989 2103 2117 2143 cum
2174 2090 2358 2148 divina
2398 2100 2694 2151 .votuntate
2753 2099 3068 2168 conjungat.
3124 2100 3312 2169 Neque
3362 2102 3505 2156 enim
3537 2122 3567 2159 ιι

1989 2194 2268 2251 quoquam
2304 2199 2362 2239 se
2394 2170 2640 2241 accusari
2676 2203 2857 2259 posse,
2890 2191 3045 2259 quasi
3074 2191 3353 2261 quidpiam
3384 2209 3564 2249 rerum

1992 2270 2360 2330 humanarum
2415 2276 2485 2330 ab
2534 2277 2870 2347 imperatore
2933 2281 3036 2335 sibi
3097 2291 3305 2351 quzerat
3344 2301 3357 2339 :
3394 2300 3568 2351 usque

1991 2376 2141 2442 nunc
2177 2366 2325 2419 enim
2361 2367 2496 2422 nihil
2530 2369 2635 2423 tale
2659 2369 2730 2424 ab
2758 2371 2870 2425 ullo
2900 2374 3244 2442 quazsivisse.
3272 2376 3338 2431 Et
3368 2392 3423 2431 se
3448 2376 3568 2431 illos

1996 2438 2228 2511 hortari,
2258 2462 2318 2510 ut
2341 2454 2446 2509 hoc
2476 2464 2726 2528 tempore
2754 2460 2990 2516 viriliter
3016 2464 3172 2518 malis
3199 2467 3565 2534 praesentibus

1997 2543 2298 2611 resistant,
2352 2564 2473 2616 quas
2531 2549 2644 2603 Deo
2689 2553 2945 2622 prOpitiis
2987 2556 3162 2611 oculis
3211 2560 3561 2628 respiciente.

1993 2632 2150 2689 brevi
2184 2636 2238 2690 in
2288 2639 2522 2692 nihilum
2567 2656 2759 2696 rasura
2807 2644 2935 2698 sint.
2965 2647 3165 2703 Mmsos
3196 2651 3401 2722 quippe
3431 2653 3564 2715 istos

1984 2722 2328 2789 obsessores,
2350 2734 2406 2782 et
2437 2729 2669 2783 obtentu
2701 2732 2960 2787 amicitiae
2979 2726 3280 2805 'prmsentis
3310 2751 3564 2797 auctores

1984 2814 2216 2883 inopiae,
2245 2825 2453 2886 septem
2479 2822 2702 2876 omnino
2731 2822 2927 2879 diebus
2957 2826 3156 2882 futuris
3185 2831 3307 2901 fuga
3332 2832 3564 2888 salutem

1974 2915 2251 2975 petentes,
2285 2919 2449 2988 atque
2486 2911 2631 2965 inter
2673 2928 2732 2968 se
2780 2915 3171 2974 conculcantes
3201 2921 3419 2988 uisurus
3446 2963 3464 2989 ,
3498 2937 3556 2981 et

1983 2999 2188 3068 quibus
2237 3017 2383 3055 nunc
2418 3000 2829 3059 circumdentur
2881 2994 3080 3074 malis,
3131 3010 3248 3067 fore
3319 3014 3549 3073 liberos.

1988 3087 2113 3144 Haec
2176 3099 2236 3144 ut
2272 3093 2621 3161 metropolita
2666 3094 2967 3162 disseruit,
3027 3116 3221 3155 omnes
3275 3104 3563 3162 confestim

1983 3177 2162 3247 posita
2197 3180 2420 3235 tristitia
2444 3196 2597 3250 Spem
2620 3182 2851 3239 fortuna:
2870 3187 3115 3244 melioris
3144 3192 3377 3263 ingressi
3413 3209 3561 3254 sunt.

1980 3271 2194 3327 Norant
2239 3274 2557 3344 siquidem,
2614 3280 2991 3348 perspeCIiora
3041 3298 3163 3340 esse
3226 3287 3303 3342 illi
3356 3290 3565 3357 futura,

1984 3377 2151 3432 quam
2203 3366 2326 3419 aliis
2382 3369 2700 3436 praeterita,
2755 3383 2811 3428 et
2883 3384 3139 3447 tanquam
3188 3382 3299 3436 vati
3350 3385 3564 3442 animos

1981 3456 2162 3510 eidem
2196 3457 2375 3528 palam
2407 3462 2791 3519 attendebant.
2842 3464 2954 3521 Cur
3002 3484 3133 3524 vero
3180 3472 3331 3531 Moesi
3374 3476 3560 3550 fugam

1980 3546 2187 3603 facturi
2219 3562 2436 3615 essent,
2486 3554 2554 3609 de
2594 3556 2698 3610 boc
2727 3558 3100 3630 ambigebant.
3153 3566 3300 3622 idem
3334 3546 3565 3631 antistes

1982 3639 2322 3709 Apocauebo
2375 3660 2573 3716 magno
2605 3647 2733 3703 duci
2791 3650 2845 3703 in
2880 3651 3021 3708 hanc
3067 3660 3399 3719 sententiam
3427 3680 3565 3720 ser,-

1979 3733 2125 3801 psit:
2152 3733 2273 3788 Non
2303 3736 2488 3792 videre
2520 3743 2974 3810 se,quamobrem
2992 3748 3081 3801 cui
3117 3750 3201 3805 sui
3233 3752 3562 3816 documenta

1979 3840 2123 3895 saepe
2178 3827 2234 3880 in
2270 3830 2462 3885 multis
2513 3830 2842 3898 habuisset,
2888 3838 3276 3912 dictorumque
3330 3862 3560 3903 suorum

1978 3927 2240 3973 eventum
2288 3934 2398 3975 non
2452 3922 2507 3976 in
2539 3922 2763 3997 longum
2811 3926 3084 3998 dilatum,
3132 3948 3237 3991 nec
3284 3937 3353 3992 ad
3397 3938 3560 4005 alios,

1977 4009 2073 4065 sed
2104 4011 2172 4065 ad
2207 4027 2265 4067 se
2298 4014 2636 4084 pertinuisse
2666 4019 3111 4091 manifestissime
3159 4027 3361 4095 sciret,
3412 4048 3560 4089 nunc

1977 4102 2206 4170 penitus
2238 4101 2402 4158 fidem
2454 4105 2559 4160 sibi
2595 4107 2934 4180 denegaret,
2984 4124 3042 4170 et
3094 4133 3192 4185 pro
3224 4120 3411 4176 verbis
3440 4125 3560 4178 ina-

1978 4191 2145 4248 nibus
2179 4194 2432 4262 dueeret,
2466 4214 2589 4268 quae
2647 4199 2990 4260 dicerentur.
3045 4207 3215 4263 Porro
3260 4227 3340 4277 se,
3384 4230 3558 4289 quau-

1977 4300 2142 4354 quam
2174 4286 2471 4357 refraganti
2493 4332 2509 4356 ,
2560 4291 2925 4348 nihilominus
2953 4313 3075 4365 qua:
3104 4316 3229 4357 eum
3258 4286 3403 4373 ipsi,
3440 4317 3554 4365 tum
3647 4352 3651 4357 ι

1977 4375 2225 4433 Romano
2279 4378 2444 4451 539
2495 4382 2727 4453 imperio
2773 4390 3032 4443 universo
3071 4395 3381 4456 conducere
3424 4415 3554 4459 sen-

1977 4470 2125 4537 tiret,
2160 4473 2396 4527 Suadere
2422 4475 2589 4530 velle.
2643 4475 2760 4531 Sibi
2793 4481 2940 4533 euim
2986 4497 3015 4535 a
3056 4482 3170 4538 Deo
3219 4487 3550 4557 indicatum,

298 4562 358 4615 δὲ
408 4562 498 4616 ῦτι
530 4563 595 4617 ἂν
624 4562 709 4635 εἴη
738 4567 800 4618 τὸ
826 4567 1036 4630 Μυσοῖς
1070 4568 1241 4621 αἴτιον
1272 4569 1532 4640 ἐσόμενον
1571 4572 1772 4640 φυγῆς.
1817 4574 1876 4627 Ὀ

1984 4575 2089 4614 non
2119 4560 2265 4631 ipsi,
2294 4577 2496 4639 verum
2545 4564 2975 4645 Cantacuzeno,
3028 4575 3120 4645 qui
3166 4578 3319 4647 prius
3371 4588 3549 4655 mag-ii

298 4651 346 4707 δ’
367 4653 530 4717 αὐτὸς
555 4655 844 4726 ἀρχιερεὺς
870 4658 966 4710 καὶ
1002 4656 1324 4729 Ἀποκαύχῳ
1346 4660 1423 4731 τῷ
1448 4663 1671 4734 μεγάλῳ
1719 4664 1872 4718 δουκὶ

298 4740 506 4812 ἔγραψε
540 4744 805 4799 τοιαῦτα·
869 4746 941 4810 ὡς
985 4747 1219 4817 ἀποροίη
1264 4750 1391 4803 ὅτου
1458 4753 1621 4808 ἕνεκα
1677 4759 1873 4826 πεῖραν

297 4832 471 4886 αὐτοῦ
530 4834 793 4897 πολλάκις
835 4837 893 4890 ἐν
921 4838 1136 4902 πολλοῖς
1164 4841 1433 4917 πρότερον
1459 4845 1733 4915 ἐσχηκὼς,
1775 4847 1871 4901 καὶ

298 4925 412 4979 τῶν
446 4927 757 4997 εἰρημένων
800 4927 899 5002 τὴν
942 4930 1170 4985 ἔκϐασιν
1219 4935 1320 4987 οὐκ
1356 4937 1436 4999 είς
1474 4941 1718 5007 μακρὰν,
1763 4939 1872 4993 οὐδ’

299 5013 384 5077 εἰς
419 5012 607 5087 ἔτερόν
655 5034 796 5079 τινα,
845 5017 965 5071 ἀλλ’
1012 5024 1093 5083 είς
1155 5021 1345 5075 ἑαυτὸν
1391 5020 1515 5076 ἰδὼν
1558 5027 1872 5093 σαφέστατα

297 5107 701 5176 γεγενημένην,
738 5107 834 5160 νῦν
871 5111 1128 5181 ἀπιστοίη
1172 5113 1509 5176 παντάπασι,
1546 5117 1640 5168 καὶ
1680 5116 1872 5185 λόγους

298 5196 470 5248 οἴοιτο
522 5195 646 5264 είκῆ
701 5196 1030 5267 λεγομένους
1089 5202 1155 5254 τα
1212 5204 1480 5274 εἰρημένα
1537 5207 1629 5259 ὑπ’
1680 5210 1869 5266 αὐτοῦ.

299 5282 480 5347 Αὐτὸς
529 5284 586 5338 δὲ
660 5286 956 5358 καίτοι-μὴ
1000 5288 1309 5362 βουλομένῳ
1360 5294 1666 5360 πείθεσθαι,
1720 5297 1871 5351 οὐᾶἐν

295 5369 467 5445 ἦττον
521 5376 969 5445 συμϐουλεύσειν,
1031 5380 1068 5434 ἃ
1121 5383 1268 5454 αὐτῷ
1323 5402 1382 5437 τε
1437 5387 1532 5441 καὶ
1579 5388 1873 5458 Ῥωμαίοις

293 5464 476 5519 ἅπασι
500 5465 874 5540 λυσιτελήσειν
901 5470 1069 5525 οῐεται
1094 5486 1109 5502 ’
1142 5475 1551 5546 ἐκκαλυφθῆναι
1580 5480 1690 5550 γὰρ
1722 5480 1871 5551 αὐτῷ

302 5556 459 5625 παρὰ
478 5557 634 5626 Θεοῦ,
668 5559 743 5624 ὼς
771 5562 870 5613 οὐκ
895 5563 1088 5633 ἐκείνῳ
1123 5566 1345 5636 μᾶλλον,
1379 5562 1513 5624 ἀλλὰ
1556 5571 1873 5627 Καντακου-

298 5645 453 5739 CT“?
478 5649 557 5717 τῷ
590 5650 722 5720 πρὶν
769 5650 872 5721 μὲν
920 5653 1140 5725 μεγάλῳ
1173 5655 1652 5739 δομεστίκῳηνυνὶ
1682 5664 1737 5718 δὲ
1774 5663 1870 5735 βα-

302 5733 447 5786 σιλεῖ
468 5741 846 5810 γεγενημένῳ,
884 5740 945 5793 τὸ
973 5744 1083 5805 τοῖς
1118 5743 1383 5812 βασιλέως
1432 5733 1621 5805 παισὶν
1656 5733 1871 5824 ἐπιτρο-

301 5823 498 5881 πεύειν
532 5830 625 5884 καὶ
660 5831 1079 5902 συμϐασιλεύειν
1113 5837 1402 5910 προσήκει.
1461 5842 1551 5895 Διδ
1592 5845 1685 5898 καὶ
1724 5823 1869 5900 δεδῦ-

1982 4649 2273 4709 domestici
2322 4669 2524 4711 munus
2563 4658 2855 4731 gessisset,
2904 4680 3054 4721 nunc
3108 4668 3423 4739 imperatori
3463 4649 3554 4732 re-

1980 4748 2235 4799 nuntiato
2286 4748 2583 4804 convenire
2648 4751 2990 4822 imperatoris
3059 4757 3302 4817 defuncti
3362 4744 3552 4824 liberis

1981 4845 2224 4893 tutorem
2255 4853 2400 4904 esse,
2434 4850 2489 4895 et
2522 4856 2627 4895 una
2662 4857 2786 4897 cum
2820 4844 2928 4900 illis
2954 4846 3246 4916 imperare.
3300 4854 3454 4913 Unde
3495 4870 3552 4913 et

1980 4932 2083 4985 hoc
2134 4933 2184 4986 ei
2242 4931 2508 4989 divinitus
2558 4934 2789 4991 datum:
2830 4936 2933 5006 ipsi
2990 4950 3170 4996 autem
3194 4945 3371 5001 eidem
3419 4950 3552 5005 sub-

1979 5041 2120 5091 esse,
2176 5036 2232 5080 et
2282 5041 2397 5082 rem
2452 5028 2699 5082 navalem
2733 5044 2929 5086 curare
2957 5049 3020 5088 ac
3073 5037 3208 5090 mari
3236 5043 3547 5108 pra-sidere.

1976 5116 2342 5187 Mduebatque
2392 5128 2450 5172 ut
2485 5119 2625 5174 datis
2675 5134 3007 5187 contentus,
3053 5137 3206 5199 septa
3259 5146 3327 5185 ne
3365 5142 3545 5189 trans-

1990 5207 2167 5263 siliret
2195 5246 2210 5272 ,
2271 5212 2433 5277 atque
2464 5220 2521 5263 ut
2553 5226 2611 5265 se
2642 5211 2894 5276 audiret,
2925 5216 3186 5286 rogabat:
3222 5220 3364 5274 baud
3400 5225 3547 5281 enim

1979 5301 2119 5354 bene
2192 5313 2517 5354 eventurum
2581 5302 2627 5355 si
2680 5313 2871 5357 contra
2936 5305 3180 5359 divinum
3253 5313 3547 5371 consilium

1980 5392 2215 5444 venerit.
2245 5390 2312 5446 Se
2342 5404 2571 5460 quoque.
2589 5391 2858 5463 principio
2882 5396 3224 5465 potissimum
3253 5407 3549 5461 creationis

1977 5481 2348 5538 Cantacuzeni
2392 5483 2593 5537 factum
2619 5484 2816 5555 aegrius
2836 5486 3194 5553 ferentem,et
3217 5496 3546 5564 cogitantem

1979 5590 2049 5628 ne
2106 5574 2244 5628 forte
2295 5574 2444 5628 aliud
2492 5575 2606 5630 Deo
2658 5576 2971 5643 videretur,
3018 5583 3273 5646 precibus
3322 5602 3546 5656 Operam

1978 5663 2195 5718 dedisse
2237 5671 2293 5718 et
2324 5663 2393 5718 ab
2441 5665 2563 5733 ipso
2613 5663 2699 5719 bis
2729 5666 2911 5721 verbis
2942 5668 3161 5725 doctum
3207 5672 3418 5731 fuisse:
3455 5677 3549 5734 Sic

1978 5755 2137 5817 volo,
2156 5755 2236 5809 sic
2267 5755 2654 5825 complacitum
2689 5765 2770 5811 (Si.
2796 5796 2810 5822 ,
2859 5760 2938 5814 sic
2970 5761 3205 5818 decerno
3230 5804 3245 5829 ,
3279 5769 3545 5836 imperare

1977 5843 2244 5899 Joannem
2311 5842 2794 5916 Cantaeuzenum,
2851 5851 2963 5908 fiat.
3025 5852 3155 5919 Quae
3214 5857 3380 5927 igitur
3433 5860 3544 5916 Deo

2849 6106 2863 6133 I
