3962 6578
438 413 568 482 1’)31

1638 411 1967 474 ΙΟΑΝΝΙΞ
2009 409 2548 474 CANTACUZENI

3599 400 3722 464 1312

441 520 943 591 complacuerunt,
989 516 1307 573 mortalium
1356 520 1562 576 nemini
1603 521 1690 581 fas
1734 538 1855 577 esse
1883 523 2035 578 irrita

2146 528 2271 578 σθαι
2306 521 2460 592 παρά
2500 518 2638 573 Θεοῦ
2663 533 2678 549 ·
2712 517 2910 589 ἐκείνῳ
2958 517 3013 572 δὲ
3051 518 3146 572 ὑπ’
3200 518 3422 572 ἐκεῖνον
3467 511 3610 569 εἶναι
3643 515 3724 568 12‘.
3805 503 3812 512 ’

393 680 396 684 ι
453 617 687 670 reddere
722 614 949 680 conari,
1002 615 1128 683 quia
1168 631 1269 670 nec
1313 624 1515 685 potest.
1565 616 1906 672 Precabatur
1951 619 2038 671 in-

445 724 634 778 super.
670 724 738 762 ne
791 707 892 761 ista
941 707 1158 760 cuidam
1213 707 1525 777 gloriationi
1573 716 1626 762 et
1680 708 2036 762 ostentationi

447 802 676 857 virtutis
749 801 1092 865 ascriberet;
1175 816 1283 854 non
1340 800 1487 855 enim
1549 800 1605 854 in
1661 800 1713 854 id
1769 801 2040 873 superbiae

451 895 774 950 barathrum
833 893 1157 958 decidisse,
1214 903 1272 946 ut
1341 893 1467 947 talia
1542 893 1807 948 adversus
1862 893 2035 948 Deum

453 987 801 1048 mentiatur,
871 985 967 1040 sed
1020 983 1085 1037 ad
1135 984 1378 1038 fructum
1436 985 1736 1038 multorum
1770 1024 1784 1046 .
1851 985 2039 1054 inique

448 1078 601 1132 adeo”
667 1085 724 1130 et
793 1089 984 1131 contra
1043 1091 1265 1130 omnem
1340 1075 1569 1144 iustitiae
1630 1076 1805 1147 legem
1893 1077 2038 1132 bello

451 1169 830 1239 pereuntium,
861 1176 915 1222 et
946 1166 1014 1224 ad
1054 1168 1237 1238 ipsum
1268 1182 1456 1222 errore
1489 1167 1859 1232 liberandum,
1907 1168 2038 1222 dum

449 1275 513 1316 se
562 1261 951 1316 Cantaeuzcno
997 1263 1328 1331 imperatore
1364 1260 1706 1330 superiorem
1749 1261 1868 1315 fore
1908 1277 2040 1316 con-

455 1353 604 1420 ﬁdit,
634 1355 750 1408 haec
783 1353 930 1409 dicta
965 1369 1085 1409 esse
1115 1369 1129 1408 :
1163 1354 1365 1424 quibus
1395 1353 1439 1408 si
1475 1353 1738 1422 paruerit,
1771 1366 2037 1423 quantum

453 1459 634 1514 opera:
681 1445 918 1514 pretium
983 1443 1214 1507 fecerit,
1260 1444 1418 1499 brevi
1454 1443 1880 1500 intellecturum.
1942 1445 2038 1500 Sin

454 1538 637 1590 minus
660 1578 672 1601 ,
710 1545 891 1592 tamen
924 1537 1082 1607 plane
1113 1537 1470 1606 cogniturum
1499 1577 1516 1602 ,
1564 1552 1623 1593 se
1655 1539 1893 1591 amicum
1919 1552 2038 1593 esse

453 1629 744 1692 veritatis,
798 1644 828 1683 a
882 1645 988 1698 qua
1042 1630 1142 1683 ista
1175 1629 1452 1684 didicerit.
1511 1628 1790 1685 Hactenus
1837 1630 2039 1686 litterae

459 1719 870 1787 metropolitani
902 1719 1402 1789 Didymotichensis
1431 1718 1499 1772 ad
1545 1734 1798 1790 magnum
1821 1718 2035 1786 ducem,

453 1809 660 1878 quibus
708 1811 1004 1879 perspicue
1034 1809 1486 1866 Cantacuzenum
1522 1810 1778 1865 inimicos
1809 1825 2039 1875 supera-

2144 613 2270 682 περὶ
2294 611 2425 674 ναῦς
2457 609 2807 680 ἀσχολεῖσθαι
2846 611 2939 662 καὶ
2960 608 3459 680 θαλασσοκρατεῖν.
3479 605 3730 660 Συνεεαὺ-

2141 705 2264 758 λευέ
2279 721 2339 756 τε
2358 703 2698 774 ἔχεσθαιτῶν
2719 703 3037 770 δεδομένων,
3063 700 3252 771 καὶμὴ
3276 702 3423 770 ὑπὲρ
3436 700 3509 753 τὰ
3529 703 3729 767 sapp-

2146 797 2286 868 μένα
2347 797 2560 868 πηδᾷν,
2606 795 2702 851 καὶ
2751 797 2926 852 ἐδεῖτο
2995 796 3310 849 τείθεσθαι·
3355 793 3640 864 μηδὲγὰρ
3671 793 3729 844 ἂν

2141 892 2235 952 εἰς
2254 889 2409 953 τέλος
2463 890 2618 960 ἥξειν
2638 889 2841 956 ἀγαθὸν
2861 885 3008 956 αύτῷ
3037 888 3098 939 τὸ
3118 888 3229 948 τοῖς
3276 884 3548 956 βεῦουλευ
3559 884 3734 950 μένοις

2143 980 2502 1035 ἀνθίστασθαι
2529 979 2666 1051 Θεῷ.
2711 978 2823 1034 Καὶ
2874 980 3036 1042 αὐτὸς
3074 978 3185 1048 γὰρ
3215 980 3274 1029 ἐν
3304 979 3456 1045 ἀρχῇ
3493 974 3733 1046 μάλιττα.

2142 1075 2348 1142 ἔφασκε
2397 1073 2500 1140 τῆς
2543 1075 2903 1145 ἀναρρήσεως
2938 1070 3403 1140 Καντακονζηνοῦ
3442 1067 3539 1123 τοῦ
3585 1067 3736 1138 βασι-

2141 1165 2284 1229 λέως
2319 1167 2451 1232 περὶ
2481 1165 2594 1218 τῶν
2643 1165 3043 1235 πραττομένων
3083 1164 3484 1232 δυσχεραίνων,
3517 1164 3621 1214 καὶ
3657 1161 3738 1212 λο-

2139 1257 2452 1326 γιζόμενος,
2506 1257 2553 1310 εί
2587 1257 2662 1328 μὴ
2697 1255 2841 1311 κατά
2870 1255 3098 1326 γνώμην
3132 1256 3216 1326 είη
3247 1253 3372 1325 θεῷ
3412 1253 3490 1305 τὰ
3553 1255 3739 1320 εἰργα-

2142 1348 2337 1417 σμένα,
2371 1349 2464 1401 καὶ
2496 1348 2582 1401 διὰ
2610 1347 2773 1401 τοῦτο
2799 1347 3017 1416 δεήσεσι
3058 1345 3464 1417 προσκείμενος
3494 1343 3598 1396 καὶ
3633 1344 3736 1394 ix:-

2145 1443 2306 1505 σίαις,
2355 1440 2742 1510 ἐκδιδαχθῆναι
2781 1439 2936 1508 παρά
2965 1439 3100 1492 Θεοῦ
3149 1440 3344 1502 αὑταῖς
3385 1438 3643 1502 λέξεσιν,
3673 1435 3741 1499 ὡς

2139 1533 2314 1598 Θέλω,
2349 1533 2577 1598 εὐδοκῶ,
2623 1531 2791 1603 ὁρίζω
2823 1529 3127 1600 βασιλεύειν
3171 1531 3432 1600 Ἰωάννην
3465 1529 3566 1582 τὸν
3603 1531 3742 1581 Καν-

2143 1625 2508 1694 τακουζηνὸν,
2546 1625 2641 1676 καὶ
2667 1623 2935 1692 γενέσθω.
2976 1625 3045 1676 Ἀ
3076 1623 3254 1675 τοίνυν
3289 1624 3316 1675 ὁ
3346 1622 3486 1684 Θεὸς
3516 1622 3741 1690 r3611;-

2145 1734 2259 1782 σεν,
2288 1718 2479 1770 οὐδένα
2503 1717 2714 1770 δίκαιον
2742 1714 3051 1788 ἀνθρώπων
3078 1715 3376 1786 πειρᾶσθαι
3409 1713 3740 1792 καταλύειν,

2154 1811 2236 1864 ὅτι
2271 1810 2402 1881 μηδὲ
2452 1811 2714 1864 δυνατόν·
2751 1807 2905 1879 ἠξίου
2939 1826 3000 1861 τε
3034 1806 3109 1879 μὴ
3154 1809 3371 1878 κόμπον
3407 1809 3482 1859 τά
3511 1805 3742 1858 τοιαῦτα

453 1911 646 1956 turum
705 1902 1122 1971 przenuntiavit.
1171 1901 1267 1956 llis
1317 1901 1406 1955 ille
1461 1903 1718 1972 perlectis
1767 1902 1904 1956 nihil
1957 1917 2039 1956 re-

2147 1905 2358 1958 οἴεσθαι
2378 1905 2472 1958 καὶ
2494 1903 2666 1965 ἄλλως
2690 1901 2950 1966 ἐπίδειξιν
2983 1901 3184 1972 ἀρετῆς
3203 1916 3217 1929 ·
3251 1900 3385 1972 μηδὲ
3419 1899 3537 1970 γὰρ
3571 1901 3641 1952 ἂν
3670 1903 3742 1960 είς

459 1991 705 2060 spondit.
752 1991 1024 2047 Caeterum
1072 2008 1185 2046 non
1234 1993 1302 2047 de
1350 1991 1682 2062 imperatore
1727 1993 1842 2046 solo
1874 1993 2043 2047 multa

454 2083 821 2149 istiusmodi,
897 2084 994 2138 sed
1059 2084 1128 2140 de
1191 2085 1422 2155 privatis
1479 2083 2044 2154 quoque'nonnullis

460 2175 608 2230 haud
671 2193 846 2246 pauca
897 2177 1233 2232 vaticinatus
1281 2187 1386 2233 est.
1440 2177 1578 2233 Cum
1614 2179 1762 2232 enim
1812 2177 2044 2231 Michael

456 2267 762 2340 Bryennius
830 2268 1101 2338 Pamphili
1149 2269 1471 2339 praefectus,
1525 2269 1742 2323 insidiis
1778 2285 1806 2322 a
1844 2267 2043 2337 papulo

457 2366 606 2412 esset
632 2360 934 2428 appetitus,
967 2367 1022 2413 et
1048 2359 1367 2430 Byzantium
1402 2360 1456 2414 in
1485 2357 1732 2415 vinculis
1749 2359 2041 2426 adductus,

453 2459 509 2504 et
563 2450 633 2505 ab
677 2450 1044 2506 arcltentibus
1105 2467 1326 2506 carcere
1379 2452 1711 2518 damnatus,
1768 2452 2043 2521 pauloque

460 2551 584 2610 post
646 2559 676 2596 a
741 2543 1003 2612 praefecto
1063 2544 1328 2599 custodia:
1380 2561 1548 2614 parva
1594 2545 1663 2600 de
1728 2559 1893 2599 causa
1946 2559 2043 2613 per

455 2633 715 2688 insanum
750 2633 993 2688 furorem
1028 2635 1168 2690 adeo
1200 2637 1431 2707 ﬂagellis
1462 2637 1738 2692 laceratus
1765 2675 1780 2700 ,
1832 2648 1890 2691 ut
1943 2653 2042 2708 pro

454 2732 677 2776 mortuo
727 2723 1070 2789 haberetur,
1133 2727 1280 2781 fama
1330 2727 1774 2797 Didymotichum
1811 2729 1876 2781 ad
1918 2730 2043 2799 ejus
2081 2771 2088 2777 .

453 2813 797 2884 pr0pinquos
814 2815 1052 2877 volante,
1078 2827 1135 2871 et
1167 2817 1274 2872 illis
1298 2820 1617 2889 episcopum
1649 2819 2040 2889 rogitantibus,

451 2914 508 2959 ut
539 2909 694 2960 uxori
727 2922 916 2962 necem
952 2909 1133 2963 mariti
1175 2911 1438 2980 aperiret,
1486 2927 1596 2981 quo
1631 2912 1941 2966 reverentia
1987 2918 2043 2966 et

455 2999 666 3069 pudore
698 2999 844 3054 illius
879 3001 1120 3057 cohibita
1149 3043 1164 3069 ,
1195 3004 1361 3057 vitam
1393 3004 1497 3058 sibi
1529 3003 1594 3058 ad
1627 3004 1882 3060 nuntium
1930 3015 2038 3065 tam

453 3090 733 3146 funestum
782 3109 851 3148 ne
903 3095 1300 3166 abrumperet,
1361 3097 1655 3168 episcopus
1705 3098 2038 3171 Bryennium

464 3199 577 3238 non
617 3200 740 3240 esse
770 3201 1049 3241 mortuum
1087 3187 1261 3249 dixit,
1301 3187 1464 3260 540
1492 3173 1692 3249 caesum
1726 3199 1834 3244 tam
1889 3200 2038 3245 atro-

455 3276 618 3342 citer,
657 3287 717 3331 ut
751 3277 818 3332 ad
882 3280 1094 3333 saniem
1159 3289 1212 3333 et
1261 3280 1719 3336 inflammationes
1751 3298 1815 3336 ex
1857 3283 2043 3352 flagel-

455 3367 664 3423 latinne
694 3370 1027 3424 cot-t'cendas
1053 3409 1069 3433 ,
1102 3369 1215 3424 sale
1258 3371 1611 3440 opusfuerit.
1651 3373 2036 3428 Verumtamen

461 3461 643 3516 adhuc
677 3462 868 3515 vivere
895 3501 909 3526 ,
944 3471 997 3516 et
1031 3471 1142 3516 tam
1178 3463 1556 3517 inhumaniter
1601 3465 1723 3521 aliis
1755 3465 1822 3520 de
1857 3467 2040 3522 causis

457 3553 791 3623 quibusdam
840 3554 1236 3609 secretioribus
1273 3554 1602 3626 flagellatnm
1631 3573 1773 3623 esse,
1807 3559 2042 3616 reditus-

455 3661 564 3716 que
606 3645 673 3700 ad
719 3661 942 3700 uxorem
977 3659 1029 3702 et
1063 3647 1269 3703 liberos
1339 3648 1483 3703 illam
1513 3650 1789 3721 praecipue
1815 3667 2038 3707 causam

458 3738 596 3790 fore.
617 3735 915 3792 Dimissnm
944 3740 1087 3792 enim
1117 3755 1148 3794 e
1181 3755 1403 3794 carcere
1435 3741 1502 3796 ad
1536 3743 1721 3812 plagas
1741 3743 2036 3812 curandas,

457 3827 902 3900 Didymotichum
933 3829 1112 3900 fugam
1145 3841 1517 3902 arrepturum.
1551 3831 1824 3901 Tempore
1853 3843 2038 3889 autem

458 3921 795 3991 procedente
846 3933 902 3976 et
957 3922 1289 3993 imperatore
1336 3937 1640 3993 prasente,
1685 3941 1785 3994 pro
1826 3926 1946 3995 ipso
1983 3928 2038 3984 in

456 4011 577 4065 acie
605 4013 1020 4069 oceubiturum.
1054 4013 1185 4080 Quae
1218 4018 1404 4070 omnia
1433 4017 1614 4070 exitus
1639 4016 1846 4072 docuit.
1866 4019 2039 4074 Abso-

461 4102 614 4157 lutus
663 4120 898 4174 namque
926 4121 953 4159 a
989 4122 1211 4162 carcere
1260 4107 1569 4180 Bryennius
1597 4150 1612 4175 ,
1649 4119 1776 4188 utoa
1811 4111 2039 4168 medicis

460 4205 787 4262 curaretur,
840 4201 1311 4266 opportunitatem
1350 4200 1604 4272 fugiendi
1656 4211 1850 4256 nactus
1879 4241 1896 4268 ,
1944 4204 2041 4258 do-

451 4301 612 4338 mum
649 4287 945 4341 incdumis
978 4291 1270 4357 pervenit;
1300 4303 1490 4361 postea
1537 4294 1592 4348 in
1621 4312 1801 4367 pugna
1845 4307 2038 4353 contra

458 4377 819 4433 Momitzilum
850 4389 978 4436 ante
1028 4384 1197 4452 pedes
1246 4385 1598 4456 imperatoris
1629 4393 1879 4461 oppetiit.
1919 4393 2036 4448 Tali

458 4468 633 4537 gratia
683 4469 774 4523 ille
809 4486 837 4523 a
891 4471 1004 4526 Deo
1058 4473 1314 4544 dignatus
1359 4489 1478 4534 erat
1507 4519 1522 4544 ,
1549 4488 1606 4535 et
1659 4486 1840 4538 lutura
1878 4485 2036 4555 quasi

2147 1998 2404 2053 τοσοῦτον
2431 1998 2691 2058 ἀπονοίας
2721 1993 2998 2065 βάραθρον
3027 1993 3379 2062 ἐληλακέναι,
3403 1993 3486 2054 ὡς
3510 1991 3737 2043 τοιαῦτα

2153 2088 2592 2158 καταψεύδεσθαι
2641 2085 2814 2141 Θεοῦ·
2857 2085 2994 2139 ἀλλά
3041 2085 3141 2154 τῆς
3185 2102 3245 2138 τε
3295 2083 3582 2154 ὠφελείας
3635 2083 3738 2135 τᾶν

2145 2181 2382 2246 πολλῶν,
2436 2181 2636 2243 ἀδίκως
2666 2178 2810 2234 οἷτω
2841 2178 2936 2232 καὶ
2984 2178 3137 2247 παρά
3179 2177 3360 2230 πάντα
3394 2178 3496 2228 τοῦ
3526 2177 3738 2228 δικαίου

2145 2273 2309 2340 νόμον
2338 2271 2732 2340 ἀπολλυμένων
2779 2267 2886 2322 ὑπὸ
2909 2268 2999 2322 τοῦ
3032 2269 3296 2334 πολέμου,
3331 2269 3428 2322 καὶ
3449 2268 3546 2322 τοῦ
3579 2268 3740 2322 aeta.

2146 2363 2450 2429 ἐξελέσθαι,
2480 2362 2571 2431 ὑφ’
2597 2356 2663 2433 ἧς
2689 2363 2985 2432 κατέχεται
3018 2362 3259 2430 ἀπάτης,
3299 2361 3561 2430 οἰόμενον
3595 2361 3738 2412 Κιν-

2145 2452 2485 2524 τακουςηνοῦ
2534 2453 2628 2508 τοῦ
2669 2454 2936 2525 βασιλέως
2973 2451 3444 2524 περιγενήσεσθαι
3482 2451 3739 2522 εἰρῆσθαι

2146 2548 2217 2601 τά
2251 2547 2512 2602 τοιαῦτα’
2559 2541 2641 2610 οἷς
2673 2549 2722 2600 εί
2758 2545 3032 2616 πεισθείη,
3071 2547 3280 2600 ετσεται
3325 2545 3428 2614 τὴν
3464 2543 3738 2613 ὠφέλειαν

2143 2643 2242 2695 οὒκ
2273 2643 2330 2695 ὲν
2361 2641 2558 2713 μακρῷ
2579 2658 2593 2671 ·
2622 2641 2671 2694 εἰ
2700 2640 2743 2693 δ’
2763 2640 2822 2693 ού
2855 2638 3127 2710 πεισθείη,
3161 2637 3384 2700 πάντως
3425 2638 3649 2690 εἴσεται
3669 2637 3739 2695 ὡς

2151 2735 2412 2806 ἀληθείας
2448 2733 2604 2802 φίλος
2631 2731 2798 2796 αὐτὸς
2844 2733 2940 2786 καὶ
2979 2735 3110 2802 παρ’
3144 2732 3362 2800 ἐκείνης
3399 2730 3474 2783 τὰ
3517 2730 3738 2783 τοιαῦτα

2142 2828 2544 2896 δεδιδαγμένος.
2592 2824 2830 2878 Τοιαῦτα
2864 2825 2963 2894 μὲν
3009 2826 3036 2877 ὁ
3083 2823 3472 2892 Διδυμοτείχου
3524 2824 3734 2893 ἔγραςι

2143 2918 2280 2988 πρὸς
2323 2918 2497 2987 μέγαν
2525 2915 2722 2981 ,δοῦκα,
2769 2915 3072 2987 διαρρήδην
3107 2913 3236 2984 περὶ
3269 2911 3731 2981 Καντακουζηνοῦ

2141 3009 2236 3063 τοῦ
2273 2992 2542 3080 βασιλέως
2577 3008 2882 3077 προλέγων,
2915 3005 2988 3070 ὡς
3039 3005 3149 3058 τῶν
3185 3003 3525 3058 ἀδικούντων
3574 3021 3728 3073 περι-

2143 3099 2579 3161 έσται.Ἑκεῖνος
2615 3100 2668 3152 δὲ
2697 3099 2820 3151 ἐπεὶ
2845 3098 2914 3150 τά
2949 3096 3256 3168 γράμματα
3303 3095 3545 3163 ἀνέγνω,
3577 3096 3729 3148 οὐδὲν

2147 3192 2312 3245 πλέον
2334 3192 2693 3261 ἀπεκρίνατο.
2720 3189 2796 3242 Οὐ
2816 3187 2947 3260 περὶ
2971 3186 3238 3258 βασιλέως
3258 3186 3314 3238 δὲ
3338 3185 3504 3257 μόνον
3529 3189 3728 3246 ἐκεῖνος

2145 3281 2322 3335 πολλά
2346 3280 2574 3335 τοιαῦτα
2610 3280 3005 3350 προηγόρευεν,
3038 3277 3174 3332 ἀλλά
3211 3276 3304 3329 καὶ
3334 3279 3465 3347 περὶ
3506 3277 3728 3330 ἰδιωτῶν

2148 3391 2312 3426 τινων
2335 3374 2434 3426 οὐκ
2464 3372 2645 3442 ὀλίγα.
2679 3371 2971 3442 Βρυεννίου
3000 3371 3111 3442 γὰρ
3141 3369 3232 3422 τοῦ
3258 3368 3502 3440 Μιχαὴλ,
3524 3369 3729 3437 Παμςέ-

2143 3464 2237 3517 λου
2269 3463 2550 3534 ἄρχοντος,
2599 3461 3074 3523 ἑπιὸουλευθέντος
3125 3478 3183 3514 τε
3239 3461 3344 3513 ὑπὸ
3390 3461 3486 3512 τοῦ
3532 3461 3723 3530 δήμου,

2143 3557 2237 3608 καὶ
2287 3554 2571 3623 δεσμώτου
2627 3556 2708 3617 είς
2757 3551 3052 3618 Βυζάντιον
3099 3553 3458 3622 ἀπαχθέντος,
3518 3551 3723 3619 δεσμω-

2140 3645 2336 3718 τήριόν
2375 3662 2435 3698 τε
2465 3645 2573 3698 ὑπὸ
2592 3645 2701 3700 τῶν
2722 3645 3002 3716 ἀρχόντων
3027 3645 3199 3697 οίκεῖν
3219 3643 3720 3713 κατεψηφισμένον,

2142 3739 2269 3790 ἐπεὶ
2315 3738 2492 3808 χρόνῳ
2563 3737 2792 3808 ὕστερον
2849 3737 3049 3807 μικρᾶς
3084 3753 3228 3799 τινος
3280 3735 3445 3789 ἕνεκα
3487 3739 3663 3797 αἰτίας
3693 3734 3721 3786 6

2143 3830 2244 3900 τῆς
2279 3832 2528 3901 φρουρᾶς
2563 3831 2768 3901 ἅρχων,
2802 3830 2909 3882 ὑπὸ
2942 3829 3136 3899 μανίας
3168 3830 3368 3896 ἀλόγου
3407 3829 3504 3880 καὶ
3531 3827 3718 3897 θυμοῦ,

2143 3927 2226 3989 εἰς
2249 3923 2515 3978 τοσοῦτον
2567 3923 2795 3993 ᾐκίσατο
2826 3915 3092 3991 σφοδρῶς,
3142 3920 3218 3984 ὡς
3256 3922 3585 3993 νομισθῆναι
3628 3921 3718 3973 καὶ

2141 4017 2463 4082 ἀποθανεῖν,
2523 4015 2660 4086 πρὸς
2695 4016 2807 4076 τοῖς
2854 4013 3076 4076 οίιιείοις
3114 4014 3173 4065 ἐν
3221 4011 3585 4086 Διδυμοτείχῳ
3622 4014 3715 4081 τῆς

2146 4109 2339 4179 φήμης
2378 4105 2812 4178 διαδραμούσης,
2847 4105 3123 4158 κάκείνων
3151 4104 3246 4157 τοῦ
3275 4106 3579 4174 ἀρχιερέως
3604 4104 3711 4156 δεο-

2149 4201 2334 4270 μένων
2362 4200 2728 4268 ἀπαγγέλλειν
2752 4202 2818 4269 τῇ
2846 4197 3066 4266 γυναικὶ
3091 4195 3186 4249 τοῦ
3210 4197 3406 4267 ἀνδρὸς
3428 4196 3525 4267 τὴν
3545 4197 3712 4248 τελευ-

2139 4290 2261 4361 τὴν,
2314 4289 2380 4343 ἵν’
2417 4290 2523 4343 ὑπὸ
2571 4290 2670 4359 τῆς
2709 4289 2847 4360 πρὸς
2893 4291 3101 4342 ἐκεῖνον
3137 4287 3322 4351 αἰδοῦς
3354 4288 3704 4358 κατεχομένη,

2145 4381 2222 4451 μὴ
2246 4380 2344 4453 τὴν
2371 4380 2552 4451 ψυχὴν
2578 4380 2867 4451 ἀπορρήξῃ
2892 4381 3028 4450 πρὸς
3056 4381 3158 4450 τὴν
3193 4379 3479 4447 ἀγγελίαν,
3512 4382 3702 4442 ἐκεῖνος

2141 4472 2270 4526 οὗτε
2299 4472 2746 4541 τετελευτηκέναι
2777 4471 2982 4541 ἔφασκε
3039 4470 3348 4541 Βρυέννιον,
3417 4469 3548 4522 ἀλλά
3578 4470 3703 4538 ζῇν·

459 4575 582 4629 qu:e
614 4561 791 4616 oculis
837 4565 1269 4635 conspiciuntur,
1308 4571 1649 4640 pmsciebat.
1699 4566 1897 4642 Mmsi',
1941 4577 2034 4648 qui

2143 4564 2404 4634 τετύφθαι
2439 4564 2625 4634 μέντοι
2660 4563 2739 4626 είς
2768 4562 3021 4616 τοσοῦτον
3044 4561 3462 4632 ἀπανθρωπίας,
3511 4562 3585 4624 ὡς
3618 4564 3700 4615 καὶ

460 4652 526 4704 ad
561 4651 1009 4723 Didymotichum
1040 4668 1216 4713 castra
1249 4662 1568 4729 habebant,
1621 4667 1761 4722 haud
1794 4668 1888 4722 diu
1917 4679 2042 4738 post

460 4743 832 4813 intelligentes
877 4762 907 4802 e
935 4749 1050 4804 suis
1080 4753 1542 4822 exploratoribus,
1568 4758 1763 4814 Persas
1809 4760 2040 4816 classem

395 4872 402 4876 -
459 4837 527 4890 ad
562 4837 733 4892 Hebri
787 4840 926 4894 ostia
979 4845 1300 4912 appulisse,
1355 4864 1466 4916 pra:
1524 4852 1759 4906 tumultu
1816 4853 2037 4922 trepidi.

462 4929 704 4983 invicem
739 4933 1130 4989 conculcantes
1169 4937 1336 5006 (quod
1363 4940 1660 5010 episcopus
1689 4941 2037 5018 praedixerat)

457 5020 816 5090 autugiebaut
843 5063 858 5080 .
906 5038 1009 5077 nec
1034 5025 1129 5112 Pili
1181 5035 1457 5082 terrarum
1495 5045 1554 5084 se
1595 5031 2036 5101 abscondissent,

458 5114 779 5181 apparebat.
848 5113 1365 5187 btdymotichenses
1432 5121 1572 5194 fugae
1613 5138 1836 5178 causam
1887 5127 2038 5197 igno-

457 5213 685 5266 rantes,
744 5203 931 5258 mirari
985 5207 1117 5275 quid
1154 5210 1228 5262 ita
1283 5200 1571 5266 turbarent
1629 5213 1809 5269 Messi.
1867 5216 2038 5272 Parvo

463 5294 728 5362 temporis
794 5298 1089 5352 intervallo
1142 5301 1467 5370 nuntiatur,
1517 5304 1809 5360 Amurium
1865 5307 2035 5362 lilium

455 5386 676 5452 Aitiuu',
750 5387 1122 5445 Cantacuzeni
1195 5393 1358 5464 longe
1406 5397 1885 5462 amantissimum,
1943 5400 2036 5471 qui

458 5478 630 5531 multa
662 5491 824 5558 an_tca
857 5496 969 5535 sua-
1000 5484 1050 5535 in
1093 5484 1247 5539 illum
1281 5487 1581 5561 voluntatis
1639 5491 2036 5562 charitatisque

456 5582 781 5641 argumenta
829 5575 1061 5630 dederat
1110 5578 1205 5647 (ob
1238 5579 1392 5633 illum
1425 5580 1626 5650 quippe
1661 5583 1828 5637 etiam
1864 5584 2037 5653 impe-

413 5742 416 5743 ν
456 5674 693 5717 ratorem
728 5665 1397 5741 Andromcumjuniorem
1427 5673 1571 5729 bello
1600 5675 1865 5730 adversus
1897 5676 2039 5730 Pho-

454 5766 706 5818 cteamet
739 5756 976 5814 Lesbum
1024 5763 1426 5836 juverat),cum
1455 5767 1755 5837 accepisset
1777 5770 2036 5840 gravibus

457 5849 866 5907 conﬂictantcm
907 5853 1247 5922 infortuniis,
1284 5867 1507 5928 totoque
1540 5858 2033 5930 llomanoimperio

2145 4658 2288 4713 ἀλῶν
2325 4658 2584 4728 δεηθῆναι
2633 4658 2732 4719 τὰς
2768 4655 3068 4727 σηπεδόνας
3120 4655 3212 4708 καὶ
3251 4654 3561 4726 φλεγμονὰς
3610 4656 3696 4716 τὰς

2145 4752 2209 4804 ὲκ
2243 4751 2352 4802 τῶν
2407 4749 2689 4818 μαστίγων
2759 4746 3242 4801 καταστλούντων·
3276 4745 3353 4817 μὴ
3383 4747 3482 4816 μέν
3523 4747 3600 4798 τοί
3639 4761 3693 4812 γε

2143 4841 2462 4906 ἀποθανεῖν,
2512 4839 2646 4893 ἀλλά
2682 4839 2804 4909 ζῇν,
2857 4841 2953 4890 καὶ
2999 4839 3100 4908 τὴν
3148 4837 3546 4908 ἀπανθρωπίαν
3601 4838 3693 4890 τῶν

2144 4935 2542 5002 αἰκισαμένων,
2577 4931 2753 4985 ἄλλων
2783 4947 2844 4982 τε
2874 4929 3038 4982 τινῶν
3065 4931 3522 5000 ἀπορῤητοτέρων
3550 4930 3690 4982 ἕνεκα

2143 5026 2290 5097 αὑτῷ
2321 5026 2706 5095 ἐπενεχθῆναι,
2754 5023 2849 5075 καὶ
2888 5024 2985 5092 τῆς
3013 5022 3093 5086 είς
3130 5023 3328 5085 παῖδας
3356 5024 3450 5076 καὶ
3482 5024 3688 5089 γυναῖκα

2142 5119 2412 5176 ἐπανόδου
2446 5119 2595 5171 αἰτία
2625 5117 2862 5185 μάλιστα
2895 5117 3078 5185 ἐκείνη
3104 5114 3277 5169 ἔσται.
3310 5115 3414 5168 Τοῦ
3444 5117 3689 5184 δεσμωτη·

2143 5211 2259 5283 ρίου
2291 5212 2401 5280 γὰρ
2427 5208 2722 5272 ἀπολυθεὶς
2757 5210 2853 5262 ἐπὶ
2879 5209 2956 5278 τῷ
2982 5207 3168 5262 ἰᾶσθαι
3206 5208 3308 5271 τὰς
3336 5207 3565 5275 πληγὰς,
3587 5205 3688 5257 δια-

2139 5303 2274 5372 δράς
2303 5301 2556 5372 ἀφίξεται
2591 5299 2778 5353 ἐνθάδε
2805 5313 2818 5328 ·
2850 5301 3028 5370 χρόνῳ
3070 5298 3126 5351 δὲ
3166 5296 3396 5368 ὕστερον
3432 5297 3519 5349 καὶ
3550 5295 3683 5364 βασι-

2139 5393 2284 5462 λέως,
2332 5393 2630 5463 παρόντος,
2683 5394 2934 5444 πεσεῖται
2973 5391 3294 5462 ,μαχόμενος
3339 5389 3478 5459 ὑπὲρ
3518 5383 3676 5439 αὐτοῦ.

2145 5486 2213 5538 Ἀ
2250 5486 2326 5537 πά
2339 5503 2435 5538 ντα
2467 5485 2694 5554 ὕστερον
2723 5486 2862 5538 κατά
2885 5485 2986 5556 τὴν
3014 5485 3224 5539 ἐκείνου
3255 5483 3545 5556 πρόρρησιν
3569 5477 3679 5532 ἀπέ-

2140 5579 2344 5631 6αινεν.
2386 5579 2636 5648 Ἀφεθεὶς
2676 5578 2783 5648 γὰρ
2827 5577 2922 5630 τοῦ
2944 5579 3323 5649 δεσμωτηρίου
3373 5580 3400 5630 ό
3432 5576 3679 5646 Βρυέννιος

2139 5672 2233 5724 ἐπὶ
2262 5673 2335 5744 τῷ
2368 5672 2624 5743 προνοίας
2655 5672 2801 5734 τινὸς
2825 5673 3008 5740 τυχεῖν
3035 5675 3188 5742 παρὰ
3209 5670 3321 5724 τῶν
3349 5669 3554 5740 ἰατρῶν,
3575 5682 3675 5717 και-

2143 5764 2236 5834 ροῦ
2288 5766 2468 5834 τυχὼν
2515 5765 2826 5828 διεσώζετο,
2889 5763 3073 5818 οἶκαδε
3117 5763 3399 5834 διαδρᾶναι
3424 5758 3670 5832 δυνηθείς

2145 5857 2371 5929 ὕστερον
2396 5859 2474 5926 δὲ,
2510 5861 2566 5913 ὲν
2600 5862 2665 5931 τῇ
2695 5858 2830 5926 πρὸς
2863 5857 3190 5928 Μομιτζίλον
3225 5859 3374 5930 μάχῃ
3402 5857 3552 5909 ἔπεσε
3584 5867 3671 5921 μισ
