3962 6604
254 413 377 482 lim

1381 424 1918 490 HISTORIARUM
1958 427 2186 489 LIBER
2228 428 2251 489 Ι
2266 430 2338 492 lT.

3345 434 3497 502 1M2.

249 534 540 599 δουλεύειν,
579 535 794 605 βασιλεὲ
835 534 892 590 δὲ
935 537 1139 608 μᾶλλον
1189 537 1416 594 εὐνοεῖν.
1457 540 1719 602 Βασιλεὺς
1750 537 1805 592 δὲ

1934 553 1970 592 .e
1993 538 2327 610 adjunxerit.
2359 543 2705 615 Amplecteus
2735 548 3026 606 consilium
3051 551 3348 622 imperator
3368 562 3484 610 ειε-

249 622 512 688 ἀκούσας,
567 624 856 698 ὑπερήσθη
898 626 999 696 μὲν
1046 629 1141 682 ἐπὶ
1194 629 1307 693 τοῖς
1338 629 1680 700 εἰρημένοις,
1713 629 1808 681 καὶ

249 715 348 768 τῶν
371 717 585 768 πολλῶν
619 717 918 772 ἀνέπνευσε
949 716 1273 790 φροντίδων,
1325 720 1386 774 τὸ
1433 721 1590 773 Θεϊον
1639 719 1808 773 αὑτοῦ

249 807 504 876 πρόνοιάν
543 825 666 862 τινα
711 811 1044 881 πεποιῆσθαι
1086 815 1312 883 οἰηθεὶς,
1347 815 1443 870 καὶ
1484 817 1580 870 τὸν
1640 810 1811 884 ἄνδρα

248 901 377 965 πρὸς
407 900 639 952 τοιαῦτα
688 907 1059 974 κεκινηκέναι.
1101 905 1308 976 Ἠρετό
1361 923 1418 959 τε
1485 891 1704 973 εἱντους
1751 912 1810 964 ὲν

246 989 383 1060 λόγῳ
425 991 660 1059 μάλιστα
713 993 902 1065 εἰδείη.
958 996 1315 1068 Βερροιωτῶν
1375 999 1469 1052 καὶ
1521 1000 1659 1071 πρὸς
1717 999 1813 1064 οὓς

245 1099 391 1145 τινας
445 1083 625 1137 αὐτῶν
659 1085 1020 1155 συμϐουλεύει
1060 1087 1318 1158 γράφειν,
1353 1089 1447 1142 τοῦ
1491 1089 1569 1151 δὲ,
1604 1090 1812 1154 πάντας

251 1174 342 1242 μὲν
373 1173 574 1227 εἰδέναι
615 1176 926 1246 εἰρηκότος,
958 1178 1084 1241 τοὺς
1117 1178 1376 1247 ἀρίστους
1414 1178 1472 1232 δὲ
1511 1178 1810 1250 ἐκλεξαμέ-

245 1280 356 1330 νου,
389 1264 642 1318 ἐπείθετό
680 1282 740 1319 τε
775 1269 804 1320 ό
859 1267 1155 1337 βασιλεὺς,
1200 1270 1276 1328 ὡς
1310 1271 1487 1332 καλῶς
1525 1270 1813 1340 βεϐουλευ-

247 1355 410 1426 μένῳ,
443 1358 538 1412 καὶ
576 1356 816 1428 ἔγραφεν
855 1359 1423 1432 αὑτίκαΩἊρμπενος
1459 1361 1515 1415 δὲ
1560 1362 1815 1416 συνεϐού-

243 1447 392 1502 λευεν
419 1450 468 1501 εί
511 1450 733 1505 δύναιτο
755 1452 852 1504 καὶ
871 1445 1110 1523 ¹Κράλιιιν
1138 1453 1348 1508 πείθειν
1385 1455 1630 1509 ἐνδοῦναι
1662 1456 1811 1528 αὐτῷ

173 1617 177 1621 .
242 1541 331 1594 καὶ
379 1541 630 1612 φανερῶς
669 1541 809 1612 ὑπὲρ
837 1545 1005 1597 αὑτοῦ
1042 1545 1390 1617 διαλεχθῆναι
1425 1548 1813 1620 Βερῤοιὼταιςο

243 1631 452 1703 βασιλεῖ
475 1651 535 1687 τε
569 1635 680 1706 γὰρ
711 1636 779 1689 τὰ
813 1637 1047 1706 μέγιστα
1075 1638 1330 1710 λυσιτελῆ
1343 1657 1453 1694 σειν
1480 1643 1540 1695 τὸ
1578 1643 1809 1708 τοιοῦτο,

241 1727 332 1778 καὶ
353 1726 504 1795 αὐτῷ
536 1727 635 1795 τὴν
653 1731 948 1801 συντυχίαν
982 1722 1189 1802 μηδένα
1214 1733 1462 1788 κίνδυνον
1495 1733 1723 1806 ὕστερον
1748 1738 1814 1791 ἂν

239 1819 562 1887 ἐπαγαγεῖν,
595 1823 642 1875 εἰ
676 1823 708 1892 ἡ
751 1824 906 1888 πόλις
959 1827 1310 1898 προσχωροίη
1347 1828 1581 1898 βασιλεῖ.
1628 1831 1814 1885 Ἐπείο

1919 626 2013 681 tim
2049 628 2114 681 ad
2162 628 2374 686 Cralem
2423 633 2566 700 adit,
2617 652 2747 691 num
2812 637 2970 711 545
3021 641 3319 698 Arbenum.
3354 643 3485 697 Ber-

1919 717 2128 772 rhmam
2157 719 2375 776 mittere
2400 722 2531 777 velit
2563 734 2973 793 percunctatur.
3001 725 3118 794 Quo
3142 729 3344 792 aiente,
3372 727 3486 784 Vo-

1917 809 2093 863 lebam
2146 820 2198 867 et
2255 814 2372 882 ipse
2425 813 2492 868 ad
2551 831 2646 871 eos
2705 818 2971 886 scribere,
3029 821 3234 891 inquit,
3280 833 3484 892 eosque

1917 915 2099 967 orare,
2126 903 2206 956 uti
2236 918 2322 958 me
2368 904 2422 959 in
2478 907 2666 962 urbem
2709 909 3083 966 admitterent.
3126 912 3232 969 Sed
3271 927 3483 968 mecum

1921 999 2195 1060 repetens,
2228 1008 2337 1063 quo
2367 1005 2525 1066 pacto
2590 999 2827 1070 legatum
2881 1017 3061 1057 meutn
3109 1003 3318 1059 Pheraei
3357 1012 3485 1059 ante

1923 1084 2308 1150 tractaverim,
2345 1102 2509 1163 quem
2532 1090 3008 1158 contrucidarunt,
3043 1104 3224 1164 coapto
3273 1093 3484 1158 destiti.

1921 1172 2189 1243 timuique
2220 1190 2288 1230 ne
2342 1177 2509 1231 alium
2554 1178 2607 1234 in
2672 1180 2850 1236 simile
2888 1183 3089 1237 malum
3129 1184 3481 1254 conjicerem.
3523 1232 3527 1245 .

1925 1262 2261 1320 llortabatur
2313 1267 2496 1337 itaque
2556 1269 2795 1337 Cralem,
2850 1282 2909 1326 nt
2959 1272 3076 1340 ipse
3127 1275 3307 1344 potius
3385 1290 3487 1346 pro

1920 1370 1980 1409 se
2030 1356 2318 1420 scriberet,
2379 1370 2435 1413 et
2480 1360 2654 1415 nihilo
2737 1364 2920 1418 minus
2992 1363 3216 1420 Arbeno
3254 1365 3486 1422 manda-

1920 1455 2032 1512 ret.
2068 1460 2126 1504 ut
2153 1450 2199 1504 is
2232 1452 2518 1507 amborum
2545 1453 2690 1508 inter
2719 1469 2778 1509 se
2804 1454 3013 1510 ftedcra
3053 1456 3264 1514 sancita
3306 1455 3485 1526 palam

1923 1541 2213 1603 indicaret.
2245 1551 2298 1598 et
2327 1544 2428 1615 ipsi
2477 1545 2642 1601 etiam
2684 1546 2952 1616 voluptati
3007 1547 3255 1603 futurum
3283 1587 3298 1611 ,
3330 1549 3376 1604 si
3415 1547 3486 1602 ad

1920 1633 2361 1690 Cantacuzenum
2386 1653 2444 1691 se
2476 1639 2842 1710 aggregarint.
2866 1637 3054 1694 Crales
3099 1653 3166 1694 eo
3219 1638 3488 1698 dictante.

1921 1740 2059 1794 quas
2077 1727 2181 1782 sibi
2226 1728 2544 1784 commodas
2583 1730 2835 1806 duceret,
2877 1729 3091 1785 exarari
3124 1728 3334 1785 litteras
3368 1744 3490 1800 per-

1924 1817 2094 1881 misit,
2173 1819 2498 1890 Arhenoque
2562 1823 2869 1892 praecepit,
2960 1837 3060 1894 pro
3159 1822 3492 1892 imperatore

241 1913 362 1964 θετό
403 1929 462 1966 τε
487 1915 516 1967 ὁ
547 1913 803 1984 βασιλεὺς
830 1917 1048 1986 αρειίκα,
1084 1921 1180 1972 καὶ
1209 1922 1344 1992 πρδς
1371 1901 1600 1994 Κράλην
1627 1925 1816 1994 ἐλθὼν,

1934 1909 2067 1977 apud
2091 1909 2438 1966 Berrhceotas
2471 1911 2785 1978 dissereret,
2821 1893 3052 1984 illosque
3083 1913 3328 1977 doceret,
3359 1912 3494 1967 Cra-

239 2004 594 2071 ιπυνθάνετο,
652 2010 701 2061 εί
747 1993 994 2080 βουλοιτο
1049 2013 1189 2084 πρὸς
1251 1993 1820 2088 Βέρροιαιίπέμπειν

244 2098 578 2167 Ἄρμπενον.
616 2099 722 2154 Τοῦ
773 2103 829 2157 δὲ
876 2104 1232 2176 συνθεμένου,
1280 2108 1640 2180 Ἐϐουλόμην,
1695 2110 1818 2166 εἷπε

239 2189 471 2259 γράφειν
495 2192 587 2245 καὶ
612 2194 772 2258 αὐτὸς
802 2197 899 2250 καὶ
923 2201 1212 2269 παραινεῖν
1240 2199 1320 2264 εἰς
1348 2201 1447 2273 τὴν
1491 2203 1644 2255 πόλιν
1667 2201 1822 2274 δέχε-

244 2278 391 2333 σθαι.
447 2281 674 2337 Ἐννοῶν
722 2286 779 2339 δὲ
824 2282 914 2340 οἷα
971 2289 1234 2358 δράσειαν
1275 2293 1496 2363 Φεραῖοι
1542 2293 1633 2349 τὸν
1690 2311 1824 2365 πρε-

243 2373 506 2427 σσεύοντα
540 2376 918 2447 ἀπεκτονότες,
945 2379 1084 2453 πρὸς
1120 2383 1220 2454 τὴν
1242 2384 1586 2456 ἐπιχείρησιν
1610 2387 1824 2458 ἀμϐλύ-

242 2463 429 2517 νεσθαι
459 2506 474 2530 ,
507 2465 760 2532 δεδοικὼς
809 2470 886 2541 μὴ
908 2472 1027 2530 ,καὶ
1072 2474 1220 2545 ἄλλῳ
1251 2474 1379 2529 τῶν
1398 2478 1586 2530 κακῶν
1616 2481 1823 2549 ὁμοίων

243 2550 412 2610 αἴτιος
432 2560 699 2626 καταστῇ.
724 2559 1092 2616 Συνεϐούλευέ
1122 2581 1183 2616 τε
1219 2565 1422 2634 μᾶλλον
1452 2568 1687 2638 γράφειν
1729 2569 1827 2623 αὐ-

233 2642 337 2707 -τὸς
365 2645 504 2716 ὑπὲρ
535 2648 722 2702 αὐτοῦ·
756 2649 874 2721 ἅμα
904 2652 960 2706 δὲ
1025 2655 1122 2708 καὶ
1158 2652 1449 2728 Ἀρμπένῳ
1507 2660 1827 2732 ἐπιτρέπειν

243 2736 612 2808 Βερροιώταις
633 2743 729 2806 τὰς
758 2745 895 2816 πρὸς
925 2747 1190 2817 ἀλλήλους
1218 2749 1402 2804 αὐτῶν
1421 2752 1696 2821 συνθήκας
1727 2754 1822 2808 καὶ

242 2829 374 2892 τοὺς
392 2831 588 2898 ὅρκους
609 2837 876 2906 φανεροὺς
907 2842 1103 2906 ποιεῖν,
1139 2843 1235 2895 καὶ
1265 2843 1339 2905 ὡς
1364 2843 1453 2914 εἴη
1474 2846 1570 2898 καὶ
1590 2847 1672 2901 σοὶ
1690 2847 1827 2916 πρὸς

244 2918 444 2994 ἡδονὴν
493 2923 557 2978 τδ
586 2932 930 3000 προσχωρεῖν
964 2931 1164 2996 αὐτοὺς
1198 2934 1368 3004 αὐτῷ.
1425 2935 1485 2991 '0
1537 2937 1614 3004 δὲ,
1643 2940 1709 2994 τὰ
1732 2940 1828 3009 μὲν

246 3012 557 3101 γράμματα
575 3018 876 3088 ἐπέτρεπεν
892 3023 1053 3076 αὑτὸν
1072 3025 1480 3096 ὑπαγορεύοντα
1497 3029 1827 3101 γράφεσθαι,

248 3099 341 3155 οἷα
360 3105 438 3157 ’ἂν
465 3105 596 3177 δοκῇ
623 3109 774 3178 αὑτῷ
809 3113 1132 3182 συμφέρειν.
1159 3117 1472 3186 Ἀρμπενον
1497 3099 1554 3173 δὲ
1580 3121 1830 3174 ἐκέλευεν

249 3195 396 3268 ὑπὲρ
417 3197 680 3268 βασιλέως
713 3203 1075 3276 Βερροιὼταιε
1097 3206 1460 3278 διαλέγεσθαι,
1484 3211 1580 3266 καὶ
1599 3214 1830 3286 φανερὸν

252 3291 442 3354 αὐτοῖς
468 3295 770 3362 ποιεῖν,ὡς
791 3299 945 3351 οὐδὲν
995 3302 1179 3368 ἡγοῖτο
1233 3303 1514 3374 διαφέρειν
1562 3305 1712 3377 αὗτῷ
1771 3324 1830 3360 τε

256 3387 608 3455 προσχωρεῖν
638 3389 730 3440 καὶ
773 3389 1001 3459 βασιλεῖ.
1025 3391 1185 3446 Οὕτω
1239 3395 1339 3464 μὲν
1397 3390 1490 3450 οὖν
1527 3397 1559 3466 ἡ
1619 3397 1833 3452 ἐπίνοια

252 3479 442 3541 αὐτοῖς
499 3484 580 3546 είς
620 3482 771 3547 τέλος
808 3485 955 3554 ἥκει.
1005 3487 1323 3557 Ἀρμπενος
1372 3487 1428 3542 δὲ
1464 3489 1542 3550 είς
1572 3487 1834 3562 Βέῤῥοιαν

255 3574 454 3637 ἐλθὼν,
483 3576 552 3628 τά
581 3593 640 3630 τε
678 3576 873 3651 Κρὰλῃ
900 3577 1213 3648 γράμματα
1237 3579 1535 3650 παρείχετο
1567 3580 1836 3648 ἀναγινώ-

258 3665 492 3721 σκεσθαι
521 3668 605 3721 ἐπ’
653 3669 969 3738 ἐκκλησίας,
990 3671 1086 3723 καὶ
1112 3672 1178 3723 τὰ
1209 3670 1474 3740 βασιλέως
1501 3674 1612 3733 τοῖς
1642 3674 1833 3743 ὲπιτη-
1880 3707 1889 3715 -

255 3757 428 3820 δείοις
477 3757 660 3829 κρύφα
697 3757 945 3813 διεδίδου.
988 3759 1324 3830 Βερῤοιῶται
1354 3763 1410 3816 δὲ
1434 3766 1529 3816 καὶ
1563 3763 1832 3834 πρότερον

262 3848 370 3919 μὲν
394 3850 456 3903 τὰ
490 3849 754 3920 βασιλέως
786 3852 1074 3924 ᾑρημένοι,
1097 3853 1151 3906 οἳ
1180 3869 1238 3905 τε
1273 3853 1485 3925 ἄριστοι
1507 3854 1704 3926 ὁμοίως
1741 3854 1838 3907 καὶ

256 3943 288 3995 ὁ
311 3941 483 4012 δῆμος
506 3938 668 4013 ἦσαν,
693 3945 788 3996 καὶ
810 3945 932 3997 τότε
956 3944 1012 3997 δὲ
1037 3943 1141 3997 ὑπὸ
1167 3943 1260 3998 τοῦ
1286 3945 1576 4016 Τρισαλῶν
1597 3945 1835 4013 πολέμου

257 4034 598 4103 πιεζόμενοι,
638 4035 838 4100 πολλὰς
868 4038 976 4108 γὰρ
1023 4039 1207 4101 αὐτοῖς
1267 4039 1362 4094 καὶ
1411 4039 1656 4109 συνεχεῖς
1685 4039 1840 4092 ἑποι-

257 4117 422 4179 οΰντο
472 4127 570 4190 τὰς
622 4128 870 4215 ἐφόδους,
902 4132 995 4182 καὶ
1027 4130 1215 4194 κακῶς
1246 4131 1465 4185 ἐποίουν
1520 4131 1618 4201 τὴν
1649 4131 1837 4202 χώραν

257 4218 596 4289 ληϊζόμενοι,
637 4222 729 4274 καὶ
760 4221 1092 4291 συνορῶντες
1127 4224 1253 4294 ήδη,
1297 4223 1372 4286 ὡς
1416 4224 1474 4278 ὲν
1502 4222 1619 4296 χρῷ
1653 4225 1838 4278 κινδύ-

260 4330 360 4365 νου
401 4314 704 4368 καθεστᾶσι
746 4313 1024 4368 δουλεύειν
1044 4315 1338 4386 Τρισαλοῖς
1369 4317 1838 4387 ἀναγκαζόμενοι,

256 4393 444 4466 ἄλλως
471 4421 530 4458 τε
560 4405 656 4458 καὶ
683 4405 788 4458 ὑπὸ
804 4405 912 4458 τῶν
939 4406 1178 4476 ἀρίστων
1197 4405 1539 4476 ἑναγόμενοι,
1570 4405 1708 4476 πλὴν
1732 4407 1839 4478 γὰρ

255 4497 464 4566 ὀλίγων
478 4497 545 4550 τὰ
564 4497 827 4566 βασιλέως
840 4494 978 4568 ἦσαν
1004 4482 1202 4560 πάντες
1224 4499 1511 4570 ᾑρημένοι,
1537 4500 1840 4570 ἐψηφίσαν-

1881 2049 1896 2056 -
1929 1998 2034 2052 lem
2069 2000 2325 2056 arbitrari
2358 2041 2373 2065 ,
2401 2002 2540 2057 nihil
2581 2004 2874 2072 interesse,
2927 2005 2995 2060 ad
3042 2006 3243 2076 ipsum,
3296 2019 3365 2059 an
3422 2004 3528 2059 ad-

1928 2089 2081 2145 illum
2117 2106 2174 2147 se
2215 2095 2551 2148 conferrent.
2593 2096 2684 2149 Sic
2719 2095 2830 2150 illis
2856 2105 3229 2152 commentum
3271 2111 3338 2151 ex
3373 2095 3493 2150 ani-

1928 2185 2002 2239 mi
2035 2185 2305 2240 sententia
2328 2187 2618 2255 processit.
2646 2187 2898 2244 Arhenus
2928 2189 3245 2245 Berrhaaam
3279 2188 3493 2261 ingres-

1929 2287 2044 2340 sus,
2084 2272 2265 2330 Cralis
2303 2276 2516 2332 litteras
2547 2277 2602 2332 in
2658 2290 2929 2336 conventu
2979 2281 3288 2338 recitandas
3334 2281 3493 2336 exhi-

1931 2360 2022 2418 bet
2093 2365 2678 2437 etaliasimperatoris
2699 2372 2915 2427 occulte
2964 2387 3062 2444 per
3092 2372 3215 2442 eius
3249 2373 3496 2428 fautores

1929 2453 2158 2523 spargit.
2193 2454 2528 2513 Berrhoeota:
2558 2467 2611 2512 et
2637 2469 2798 2516 antea
2841 2461 2916 2516 ab
2953 2463 3285 2533 imperatore
3333 2462 3495 2516 mini-

1913 2553 2019 2600 ‘me
2046 2545 2234 2608 alieni,
2270 2549 2562 2618 optimates
2587 2565 2742 2621 aeque
2770 2566 2835 2608 ac
2859 2553 3054 2624 vulgus
3091 2561 3147 2610 ct
3173 2562 3302 2610 tunc
3324 2569 3352 2608 a
3377 2553 3496 2609 Tri-

1915 2637 2091 2692 ballis
2116 2638 2289 2707 pressi
2319 2639 2537 2711 (crebro
2560 2641 2730 2706 enim,
2781 2643 3240 2715 continenterque
3277 2660 3371 2701 eos
3414 2646 3498 2699 in-

1931 2735 2252 2802 cursabant,
2285 2741 2338 2793 et
2361 2750 2549 2806 agrum
2586 2735 3034 2806 populationibus
3075 2737 3331 2793 infestum
3369 2737 3495 2793 red-

1932 2827 2178 2897 debant),
2210 2837 2267 2885 et
2310 2829 2675 2900 intelligentes
2731 2840 3019 2901 praeterea,
3069 2830 3208 2886 nihil
3272 2816 3498 2903 proliius

1933 2933 2077 2984 esse,
2114 2934 2280 2989 quam
2317 2929 2378 2975 ut
2406 2918 2775 2986 Trihallorum
2793 2921 3008 2992 jugum,
3031 2922 3283 2993 quamvis
3310 2923 3502 2977 nolen-

1935 3019 2016 3065 tcs
2057 3009 2362 3079 perferant:
2393 3010 2458 3064 ad
2483 3012 2599 3067 hac
2625 3011 2694 3066 ab
2715 3011 3075 3081 optimatibus
3103 3012 3321 3082 impulsi
3339 3013 3499 3082 (prae-

1938 3110 2022 3158 ter
2057 3116 2283 3172 paucos,
2333 3101 2602 3170 siquhiem
2647 3111 2840 3159 omnes
2895 3103 3216 3175 imperatori
3249 3103 3500 3158 adhmre-

1939 3192 2110 3264 bant),
2171 3193 2222 3249 ei
2265 3193 2502 3248 reditum
2547 3195 2894 3250 decernunt:
2953 3195 3218 3266 illicoque
3271 3196 3496 3268 legatos,

1934 3286 2001 3342 de
2023 3286 2370 3358 primoribus
2395 3287 2617 3359 quidem
2657 3287 3057 3362 Alteroperem,
3103 3289 3174 3346 de
3203 3290 3362 3362 plebe
3407 3290 3501 3346 AI-

1936 3380 2180 3445 lvluiam,
2209 3379 2277 3435 de
2303 3379 2499 3436 ordine
2547 3381 2874 3437 clericorum
2909 3381 3108 3454 Syrum
3138 3382 3404 3454 deligunt,
3438 3398 3502 3438 ac

1935 3488 2034 3544 per
2057 3487 2154 3528 eos
2189 3481 2388 3541 rogant
2434 3474 2510 3529 uti
2540 3472 2607 3529 ad
2645 3489 2704 3529 se
2725 3480 3073 3545 approperet.
3121 3474 3309 3546 Legati
3363 3475 3504 3531 anti-

1934 3582 2095 3636 quam
2117 3566 2355 3622 civitatis
2385 3567 2440 3621 in
2483 3567 2634 3622 illum
2677 3567 3116 3624 benevolentiam
3144 3579 3430 3640 exponunt
3451 3583 3506 3626 et

1935 3672 2054 3713 eam
2115 3659 2258 3712 inter
2309 3657 2427 3713 haec
2486 3673 2636 3712 arma
2721 3659 2903 3714 civilia
2952 3660 3120 3717 animi
3181 3662 3504 3730 pependisse

1935 3751 2165 3820 ejusque
2201 3749 2496 3804 adventum
2521 3759 2830 3819 exoptasse,
2860 3752 2950 3806 cui
2983 3766 3044 3806 se
3081 3751 3282 3808 dedere
3305 3794 3321 3819 ,
3348 3762 3404 3808 et
3434 3753 3502 3807 ad

1945 3840 2148 3895 bellum
2183 3841 2503 3909 adjumento
2526 3855 2648 3895 esse
2679 3842 3072 3912 pet-cupierint.
3106 3841 3380 3909 Quoniam
3405 3859 3507 3898 au-

1939 3941 2047 3988 tem
2075 3947 2300 3987 suorum
2337 3931 2648 4002 proditione
2682 3934 2736 3986 in
2773 3931 2889 3988 haec
2935 3932 3234 3989 infortunia
3283 3934 3506 3989 incidis-

1937 4033 2040 4089 set,
2067 4032 2123 4078 et
2152 4024 2306 4078 exsul
2325 4025 2390 4078 ad
2411 4023 2682 4079 Triballos
2721 4024 2972 4089 abiisset,
3015 4026 3284 4097 cogitasse
3322 4029 3505 4084 statim

1939 4131 1969 4171 a
2012 4116 2284 4188 principio
2337 4116 2403 4170 ad
2434 4115 2626 4172 urbem
2659 4131 2814 4172 suam
2867 4117 3022 4172 illum
3073 4132 3379 4200 accersere,
3410 4121 3508 4174 sed

1941 4209 2158 4272 timore,
2188 4223 2258 4263 ne
2281 4207 2359 4263 'ob
2380 4207 2434 4263 id
2462 4207 2515 4263 in
2538 4209 2900 4264 calamitatem
2929 4211 3378 4266 miserabiliorem
3415 4213 3512 4268 de-

1941 4302 2278 4368 volveretur,
2304 4301 2460 4356 Crale
2487 4311 2711 4372 pr0pter
2762 4302 3049 4367 invidiam,
3081 4311 3138 4359 et
3178 4313 3507 4374 occupatam

1942 4393 2220 4448 civitatem
2257 4393 2488 4450 insidias
2522 4393 2569 4448 ci
2632 4395 2995 4461 instrncturo,
3041 4394 3310 4451 hactenus
3347 4396 3510 4466 quie-

1944 4483 2112 4539 visse.
2152 4483 2332 4546 Nunc,
2388 4485 2515 4553 quia
2539 4484 2760 4538 occasio
2824 4487 3058 4550 venerit,
3117 4493 3174 4540 et
3216 4485 3402 4542 Crales
3459 4487 3510 4540 id

256 4605 324 4642 το
353 4589 453 4659 τὴν
483 4587 744 4658 βασιλέως
780 4588 1004 4643 κάθοδον
1032 4604 1046 4620 ο
1102 4588 1303 4642 αὐτίκα
1345 4605 1404 4642 τε
1433 4586 1671 4659 ᾑροῦντο
1703 4589 1830 4662 πρέ-

1943 4575 2246 4645 approbare
2271 4575 2541 4641 videatur,
2574 4577 2764 4631 venire
2821 4578 2990 4646 ipsos,
3042 4588 3102 4632 ut
3154 4593 3279 4634 eum
3337 4579 3512 4633 multo

259 4680 441 4744 σὸεις,
466 4681 530 4734 ὲκ
553 4680 654 4750 μὲν
683 4680 795 4734 τῶν
815 4681 1074 4750 ἀρίστων,
1109 4680 1520 4751 Ἀστραπήρην,
1547 4680 1640 4734 τοῦ
1663 4681 1725 4750 δή
1735 4698 1838 4750 μου

254 4774 345 4839 δὲ,
364 4774 732 4845 Ἁλληλούῐαν·
763 4777 828 4827 ἐκ
861 4773 968 4827 τῶν
993 4771 1430 4841 κατειλεγμένων
1467 4772 1524 4824 δὲ
1549 4772 1625 4841 τῷ
1654 4773 1843 4844 κλήρῳ

256 4868 370 4934 τῆς
415 4867 712 4938 ἐκκλησίας
737 4907 752 4932 ,
795 4865 966 4937 Σύρον
999 4864 1412 4935 ὠνομασμένον⁹
1460 4865 1556 4918 καὶ
1593 4861 1842 4932 ἔπεμπον

259 4957 409 5028 ’πρὸς
459 4955 700 5028 βασιλέα,
724 4959 956 5028 τάχιστα
984 4957 1230 5029 δεόμενοι
1258 4956 1416 5026 ἥκειν
1451 4953 1590 5024 πρὸς
1618 4953 1839 5018 αὐτούς.

261 5052 331 5104 Ol
372 5049 629 5119 πρέσϐεις
661 5049 716 5102 δὲ
760 5051 884 5102 ἐπεὶ
911 5045 1067 5121 ἧκον,
1101 5049 1202 5120 τήν
1249 5063 1310 5099 τε
1356 5047 1594 5116 ἀρχαίαν
1626 5044 1843 5098 εὔνοιαν

260 5138 370 5208 τῆς
402 5139 610 5202 πόλεως
640 5139 857 5209 ἐδήλουν
908 5136 1154 5208 βασιλεῖ,
1191 5135 1286 5188 καὶ
1331 5133 1406 5197 ὡς
1459 5131 1552 5186 τοῦ
1602 5130 1843 5200 πολέμου

259 5229 428 5283 τοῦδε
473 5230 567 5284 τοῦ
623 5228 949 5298 συγγενικοῦ
985 5226 1278 5296 Ῥωμαίοις
1324 5221 1715 5294 κεκινημένου,
1748 5237 1844 5292 με·

264 5321 472 5391 τέωροι
508 5321 661 5374 αὐτοὶ
698 5317 858 5393 ἦσαν,
896 5321 988 5374 καὶ
1033 5320 1132 5392 τὴν
1174 5317 1338 5373 αὐτοῦ
1394 5315 1684 5388 ἐπιδημίαν
1713 5315 1847 5387 ἦγον

264 5415 343 5470 δι’
396 5415 600 5485 εὐχῆς,
643 5415 734 5467 καὶ
787 5412 1060 5482 πρόθυμοι
1105 5407 1247 5483 ἦσαν
1307 5409 1456 5478 αὐτῷ
1514 5407 1848 5478 προσνέμειν

271 5505 530 5570 ἑαυτοὺς,
565 5507 661 5558 καὶ
688 5504 778 5558 τὸν
819 5507 1055 5574 πόλεμον
1084 5499 1645 5571 συγκατεργάζεσθαι.
1692 5495 1848 5548 Ἐπεὶ

271 5600 334 5652 δὲ
363 5600 427 5650 ἐκ
453 5597 740 5668 προδοσίας
767 5597 876 5650 τῶν
913 5594 1180 5649 συνόντων
1227 5592 1470 5663 συμϐαίη
1525 5591 1653 5654 περὶ
1683 5590 1846 5644 αὑτὸν

271 5687 350 5740 τὰ
393 5687 656 5758 δυσχερῆ,
710 5685 802 5740 καὶ
835 5684 979 5736 ἔλθοι
1009 5683 1302 5754 ὑπερόριος
1347 5683 1483 5750 πρὸς
1522 5678 1847 5750 Τριϐαλοὺς,

280 5779 528 5847 μάλιστα
580 5778 679 5848 μὲν
737 5774 1098 5847 βεϐουλῆσθαι
1159 5771 1322 5836 εὐθὺς
1377 5771 1617 5844 ὲξαρχῆς
1645 5771 1725 5835 είς
1753 5771 1852 5841 τὴν

278 5870 444 5924 πόλιν
495 5869 905 5937 προκαλεῖσθαι,
955 5865 1258 5928 δεδοικότας
1309 5863 1363 5917 δὲ
1421 5865 1496 5934 μὴ
1541 5865 1628 5917 διὰ
1681 5862 1852 5916 ταῦτα

1943 4683 2068 4722 eum
2107 4669 2328 4738 gaudio,
2368 4669 2665 4739 laetitiaque
2697 4670 3000 4738 accipiant.
3018 4670 3254 4726 Proinde
3296 4678 3516 4726 moveat

1941 4760 2011 4814 ab
2049 4775 2108 4814 se
2143 4775 2346 4824 moras,
2378 4775 2518 4816 neve
2563 4763 2618 4816 iu
2668 4762 2818 4816 aliud
2862 4771 3078 4832 tempus
3133 4762 3379 4826 diﬂcrat,
3442 4778 3512 4817 ne

1942 4849 2068 4920 quis
2117 4864 2277 4919 casus
2338 4865 2453 4904 rem
2503 4859 2672 4905 totam
2745 4851 3016 4906 disturbet
3079 4859 3244 4920 atque
3279 4859 3512 4905 evertat.

1943 4941 2247 5011 Imperator
2276 4941 2482 4997 civitati
2510 4941 2578 4998 de
2615 4942 2718 4997 hac
2740 4958 2870 5013 erga
2912 4958 2971 4997 se
3008 4941 3173 5014 δήὸ
3205 4943 3512 5006 voluntate,

1945 5043 2001 5089 et
2052 5036 2345 5104 separatim
2405 5035 2596 5100 legatis
2627 5035 2696 5090 de
2759 5036 3004 5106 ipsorum
3045 5052 3170 5106 erga
3221 5051 3280 5090 se
3330 5036 3515 5091 studio

1945 5127 2244 5186 honoriﬁce
2269 5127 2470 5197 gratias
2492 5128 2625 5198 agit,
2660 5129 2916 5198 Cralique
2989 5144 3256 5184 summam
3292 5128 3512 5198 legatio-

1947 5223 2033 5277 nis
2080 5223 2394 5276 renuntiat:
2465 5221 2561 5291 qui
2624 5220 2958 5285 admiratus,
3014 5221 3314 5277 nonetiam
3364 5221 3515 5276 Bero

1949 5314 2182 5379 rhmam,
2227 5321 2286 5368 ut
2327 5312 2568 5384 reliquas
2610 5315 2774 5369 urbes
2799 5353 2815 5379 ,
2859 5315 3026 5371 verba
3060 5313 3130 5370 de
3185 5315 3516 5385 imperatore

1951 5405 2070 5461 ﬁeri
2104 5405 2368 5470 vetuisse,
2421 5406 2537 5476 ipse
2583 5421 2806 5478 quoque
2847 5423 2964 5463 rem
2992 5410 3058 5464 ad
3107 5407 3315 5462 exitum
3344 5406 3520 5463 dedu-

1951 5496 2491 5567 cendamjudicavit.
2529 5497 2732 5554 Helena
2764 5514 2896 5555 vero
2920 5501 3124 5572 coniux
3163 5514 3302 5557 mire
3359 5499 3518 5555 solli-

1951 5585 2082 5650 cita,
2146 5588 2540 5655 imperatorem
2594 5588 2919 5654 admonere,
2981 5605 3049 5645 ne
3111 5590 3518 5662 opportunitati

1952 5675 2193 5736 deesset,
2239 5675 2335 5730 sed
2373 5677 2631 5732 omnibus
2673 5681 3014 5750 postpositis,
3052 5681 3371 5738 Berrhtnam
3431 5683 3518 5738 sui

1949 5768 2088 5840 juris
2138 5766 2317 5822 facere
2388 5769 2565 5824 solum
2612 5773 2993 5830 contenderet.
3077 5775 3518 5849 Didymotichum

1959 5859 2162 5923 redire,
2194 5873 2314 5914 esse
2351 5859 2400 5914 id
2436 5859 2658 5929 quidem
2692 5865 3057 5920 necessarium
3093 5884 3107 5925 :
3142 5876 3528 5924 verumtamen.
