3962 6598
317 451 471 516 1049,

1440 446 1994 511 HISTORIARUM
2035 450 2280 515 LIBER
2316 452 2437 513 III.

3418 453 3561 512 1050

307 578 391 625 το,
452 558 584 614 ἔνθα
617 559 711 613 καὶ
760 560 793 629 ἡ
859 556 1151 629 Τριϐαλῶν
1195 556 1573 629 διενυκτέρευε
1629 560 1882 629 στρατιὰ,

1996 563 2415 631 pernoctabant,
2460 562 2529 619 ad
2559 579 2726 635 quem
2768 564 2953 620 vicum
2981 546 3148 620 etiam
3180 560 3407 619 Triballi
3443 578 3559 617 mae

307 649 587 721 Γαυρόϐου
621 645 1196 719 προσαγορευομένης,
1239 642 1411 701 ὲδεῖτο
1444 646 1659 717 βασιλεῖ
1685 665 1877 702 συντυ-

305 747 446 816 χεῖν,
479 743 555 806 ὡς
585 742 712 810 περί
745 758 906 817 τινων
938 742 1252 807 ἀναγκαίων
1285 741 1681 812 διαλεξόμενος.
1726 742 1882 795 Ἐπεὶ

306 837 365 889 δὲ
395 835 650 903 εἰσήγετο
680 833 813 903 πρὸς
844 834 1091 903 βασιλέα,
1110 835 1304 905 πρῶτα
1339 834 1436 905 μὲν
1464 835 1699 906 ἀρχαίας
1736 833 1882 898 τινὸς

304 927 627 996 εὐεργεσίας
655 926 883 996 χάριτας
909 925 1146 994 ὀφείλειν
1165 926 1343 995 ὼμολό
1357 944 1430 991 γει
1456 924 1885 996 βασιλεῖ.Ἔπει-

305 1036 375 1072 τα
401 1019 638 1089 ἐμήνυεν
664 1019 739 1082 ὡς
767 1020 798 1086 ἡ
834 1020 1064 1088 στρατιὰ
1081 1018 1366 1089 Τριϐαλῶν
1391 1012 1457 1091 ἦς
1484 1021 1695 1089 ἡγεῖται
1727 1020 1882 1073 Mtte-

306 1110 467 1180 ζίκης
522 1126 606 1171 τις
640 1111 1209 1181 προσαγορευόμενος,
1258 1112 1350 1164 καὶ
1401 1111 1671 1181 Στέφανος
1699 1111 1886 1165 δεύτε-

311 1217 425 1269 ρος,
456 1201 520 1253 ἐκ
553 1199 736 1262 πεζῶν
773 1202 865 1254 καὶ
922 1203 1134 1255 ἱππέων
1188 1202 1552 1284 ἡθροισμένη,
1607 1203 1885 1274 πεμφθείη

290 1294 414 1377 νμὲν
460 1294 614 1362 παρὰ
656 1293 848 1365 Κράλη
900 1295 992 1348 ἐπὶ
1027 1294 1106 1361 τῷ
1166 1295 1427 1364 βλάπτειν
1474 1296 1720 1367 βασιλέα,
1784 1298 1891 1351 ὅσα

304 1383 548 1438 δύναιτο.
573 1384 736 1436 Αὐτοὶ
769 1384 827 1437 δὲ
867 1383 1044 1448 οὕτως
1077 1383 1218 1439 εἶναι
1253 1386 1786 1458 παρεσκευασμένοι,
1810 1387 1887 1449 ὡς

306 1476 358 1526 εί
391 1476 642 1537 ἀκατίοις
688 1472 866 1545 χρῷτο
920 1476 952 1545 ἡ
996 1475 1264 1545 βασιλέως
1322 1478 1552 1547 στρατιὰ
1610 1478 1745 1547 πρὸς
1788 1480 1923 1548 τὴν

312 1565 584 1632 Λάϐασιν,
615 1567 728 1629 τοῖς
754 1565 985 1636 πρώτως
1011 1567 1262 1621 διαϐᾶσιν
1289 1569 1630 1622 ἐπιτίθεσθαι
1662 1570 1755 1623 καὶ
1775 1572 1890 1624 δια-

307 1653 560 1726 φθείρειν
585 1669 600 1686 ·
633 1655 824 1709 ἔπειτα
854 1657 1209 1725 ἀνείργοντας
1242 1657 1368 1720 τοὺς
1405 1658 1598 1718 ἄλλους
1624 1659 1767 1727 πρὸς
1794 1659 1888 1713 τὸν

308 1744 502 1816 πόρον,
524 1746 725 1811 αὐτοὺς
757 1749 855 1817 μὲν
893 1748 1173 1817 διαμένειν
1217 1748 1448 1813 ἀπαθεῖς
1480 1751 1696 1803 κακῶν·
1734 1750 1890 1821 βασι-

307 1835 409 1891 λέα
437 1838 495 1891 δὲ
530 1838 667 1908 μετὰ
693 1839 801 1891 τῶν
836 1840 1125 1902 συνόντων,
1174 1840 1279 1894 ὑπὸ
1312 1841 1412 1909 τῆς
1454 1843 1520 1895 ὲκ
1560 1840 1888 1896 Θεσσαλονί-

1985 636 2213 720 ιιὲὺοιιι,
2252 657 2505 727 rogabat,
2577 666 2638 712 ut
2669 656 2774 713 sibi
2812 654 3162 727 imperatoris
3185 655 3560 713 conveniundi

1982 748 2139 819 copia
2173 750 2348 823 ﬁeret,
2386 750 2452 808 de
2490 767 2550 807 re
2596 754 2911 809 necessaria
2942 768 3067 808 cum
3092 767 3160 807 eo
3191 750 3559 807 collocuturo.

1981 840 2063 896 Ad
2119 856 2282 910 quem
2332 842 2720 907 introductus,
2774 844 3009 912 primum
3062 842 3286 913 quidem
3345 841 3562 909 antiqui
3632 828 3639 834 ’

1985 935 2267 1005 cujusdam
2325 936 2578 992 beneficii
2617 937 2843 1005 gratiam
2877 952 2937 992 se
2985 936 3062 991 illi
3098 936 3300 992 debere
3333 935 3563 991 conflte—
3636 988 3639 991 .

1987 1034 2101 1081 tur.
2150 1026 2281 1081 Post
2311 1025 2544 1095 indicat,
2587 1027 2956 1082 Triballorum
3002 1042 3224 1082 manum
3256 1027 3477 1091 Bozice,
3507 1034 3564 1080 et

1988 1104 2267 1185 Stephano
2313 1116 2571 1177 ducibus.
2620 1132 2687 1171 ex
2719 1104 2998 1185 peditibus
3033 1127 3089 1172 et
3121 1118 3564 1185 equitibuscom

1986 1219 2245 1271 stantem,
2299 1209 2519 1263 missam
2562 1223 2594 1263 a
2622 1208 2802 1273 Crale,
2830 1217 2892 1267 ut
2915 1209 3234 1278 imperatori
3268 1188 3556 1272 nocerent,

1985 1308 2251 1369 quantum
2304 1310 2546 1369 possent.
2596 1299 2751 1369 Ipsos
2802 1309 2987 1356 autem
3047 1298 3130 1355 sic
3160 1314 3282 1355 esse
3317 1310 3561 1369 paratos.

1988 1400 2049 1445 ut
2101 1392 2147 1446 si
2219 1391 2566 1459 imperatoris
2610 1390 2870 1445 cohortes
2909 1390 3171 1447 actuariis
3223 1390 3449 1445 minutis
3496 1390 3564 1445 ad

1990 1468 2376 1551 trﬂiciendum
2431 1490 2738 1544 uterentur,
2785 1479 2948 1549 550
2994 1479 3089 1549 qui
3128 1479 3289 1547 primi
3335 1480 3569 1533 transie-

1990 1573 2124 1638 rint,
2162 1588 2259 1627 eos
2303 1572 2480 1628 adorti
2514 1571 2849 1626 interficiant
2884 1590 2897 1625 :
2935 1569 3133 1625 deinde
3163 1569 3302 1623 alios
3331 1570 3566 1624 transitu

1956 1720 1961 1727 ,
1991 1674 2241 1720 arcentes
2285 1666 2436 1720 nullo
2468 1673 2728 1735 praeterea
2770 1662 2912 1718 malo
2954 1661 3235 1716 alliciant:
3268 1660 3568 1729 imperato-

1988 1744 2106 1813 rem
2148 1773 2271 1813 cum
2305 1757 2535 1826 reliquis
2565 1766 2823 1826 superato
2855 1755 2965 1826 jam
3001 1753 3240 1815 facilem.
3267 1753 3375 1808 levi
3400 1764 3569 1822 opera

1995 1851 2064 1906 ab
2114 1850 2361 1905 exercitu
2417 1847 2815 1903 Thessalonica
2867 1845 3111 1901 affuturo
3156 1844 3443 1899 concisum
3476 1843 3567 1897 iri.

304 1945 415 2000 κης
453 1902 716 2000 στρατιᾶς
768 1929 1183 2000 διαφθείρεσθαι
1246 1902 1444 2017 ῥαδίως
1472 1934 1886 2005 εὐεπιχείρητον

1996 1940 2267 2003 Triballos
2302 1943 2491 2011 itaque
2539 1940 2646 2011 isto
2677 1938 2842 1994 modo
2867 1936 3098 1993 insidias
3123 1935 3437 1992 instituisse
3459 1934 3573 2017 aie-

304 2018 622 2090 τενόμενον.
681 2020 794 2090 Τὴν
827 2020 928 2090 μὲν
967 2019 1060 2073 οὖν
1083 2005 1406 2093 ἐπιϐουλὴν,
1446 2021 1620 2087 οὕτως
1648 2024 1890 2093 ἔφασκεν

308 2104 449 2163 εἶναι
487 2113 1000 2182 συνεσκευασμένην
1059 2112 1213 2183 παρά
1263 2114 1583 2183 Τριϐαλῶνο
1634 2117 1795 2170 αὐτὸν
1834 2117 1897 2171 δὲ

306 2200 511 2255 εἰδέναι
550 2202 720 2273 πόρον
754 2204 1123 2273 ἀγνοούμενον
1167 2206 1282 2269 τοῖς
1304 2204 1538 2271 πολλοῖς,
1584 2200 1892 2281 ᾗδιαϐατὸς

306 2291 860 2373 ὸ-ποταμδςραδίως
919 2295 1117 2349 ἔσται’
1175 2295 1233 2350 δν
1290 2296 1529 2366 ἔφασκεν
1589 2298 1893 2364 ὑποδείξειν

310 2386 477 2457 χάριν
510 2384 724 2456 βασιλεῖ
752 2386 1198 2457 κατατιθέμενος.
1239 2387 1565 2452 Ἐπαινέσας
1592 2391 1647 2445 δὲ
1672 2392 1699 2443 ὁ
1733 2390 1892 2462 βασι-

310 2479 442 2542 λευς
462 2477 557 2532 τὸν
584 2477 896 2550 ἄνθρωπον,
916 2480 1015 2533 καὶ
1045 2481 1517 2550 ἐπαγγειλάμενος
1539 2482 1600 2536 εὖ
1624 2486 1891 2555 ποιήσειν,

312 2569 440 2623 ιπεὶ
468 2569 563 2623 καὶ
607 2570 641 2640 ἡ
676 2570 857 2640 ἡμέρα
895 2570 995 2643 ήδη
1045 2570 1384 2640 διεφαίνετο,
1432 2574 1663 2644 ἄραντες
1696 2577 1761 2629 ἐκ
1796 2578 1892 2631 τῦ

315 2661 705 2731 στρατοπέδου,
749 2662 974 2734 διῄεσαν
1015 2662 1108 2716 τοῦ
1160 2662 1406 2735 ποταμοῦ
1439 2667 1536 2736 τὴν
1567 2665 1735 2737 δγθην
1777 2663 1832 2721 of
1867 2670 1896 2721 ό

316 2751 601 2822 ἄνθρωπος
628 2754 836 2823 ἠγεῖτο.
876 2752 1103 2823 Ὁμοίως
1130 2753 1187 2809 δὲ
1214 2755 1310 2809 καὶ
1333 2756 1382 2808 οί
1418 2755 1679 2828 Τριϐαλοὶ
1710 2760 1774 2811 ὲκ
1794 2759 1894 2828 τῆς

318 2846 557 2916 περαίας
603 2846 1074 2916 ἀντιπαρήρχοντο
1128 2846 1225 2900 καὶ
1265 2848 1420 2901 αὐτοὶ
1467 2851 1560 2904 τὸν
1613 2852 1891 2921 ποταμόν’

317 2939 441 2991 ἐπεὶ
469 2937 526 2991 δὲ
553 2939 635 3001 είς
665 2939 759 2990 τὸν
795 2939 964 3009 πόρον
1004 2932 1189 3010 ἦλθον,
1249 2938 1511 3010 Τριϐαλοὶ
1543 2942 1643 3012 μὲν
1676 2942 1740 2995 ὲκ
1793 2942 1895 3011 τῆς

226 3044 239 3055 τ
295 3028 553 3101 περαίας
584 3028 1014 3100 παρετάσσοντο
1039 3030 1117 3094 ὡς
1145 3030 1511 3095 κωλύσοντες·
1552 3033 1647 3086 καὶ
1682 3031 1918 3104 βέλεσιν

316 3122 557 3193 ἐχρῶντο
598 3122 908 3193 πόρρωθεν.
932 3121 1198 3187 Βασιλεὺς
1231 3122 1289 3177 δὲ
1328 3124 1468 3194 μετὰ
1493 3124 1603 3178 τῶν
1632 3124 1893 3197 ἀρίστων,

1991 2034 2124 2101 bat;
2178 2049 2238 2090 se
2286 2049 2415 2089 vero
2446 2034 2614 2095 scire.
2647 2032 2794 2103 quod
2827 2030 2989 2086 multi
3020 2030 3296 2092 nesciant,
3327 2044 3434 2098 qua
3468 2030 3572 2082 llu-

1991 2127 2115 2182 vius
2162 2125 2300 2180 vado
2353 2125 2573 2180 transiri
2618 2122 2907 2180 commode
2952 2130 3142 2202 queat.
3185 2120 3243 2175 ld
3277 2120 3475 2175 vadum
3512 2136 3571 2176 se

1990 2215 2178 2287 gratiae
2223 2213 2527 2270 referenda:
2568 2213 3098 2268 demonstraturum.
3144 2209 3361 2284 Laudat
3396 2210 3573 2264 homi-

1995 2318 2118 2356 nem
2157 2303 2480 2371 imperator,
2524 2310 2579 2356 et
2614 2302 2811 2355 merito
2841 2314 3237 2372 responsurum
3275 2299 3571 2368 promittit.

1992 2394 2096 2452 Ubi
2146 2392 2364 2458 diluxit,
2398 2392 2597 2448 castris
2625 2392 2857 2467 egressi,
2898 2391 3054 2467 puta
3095 2390 3342 2446 fluminis
3369 2390 3570 2461 ripam,

1993 2502 2098 2557 qua
2140 2487 2221 2539 vir
2271 2486 2362 2542 ille
2395 2484 2636 2540 ducebat
2671 2522 2687 2546 ,
2719 2466 3008 2540 incedunt.
3036 2483 3250 2565 Pariter
3281 2483 3510 2538 Triballi
3541 2499 3573 2538 e

1994 2578 2217 2649 regione
2275 2579 2521 2633 vicissim
2575 2576 2645 2632 ad
2691 2576 2902 2631 ﬂumen
2950 2575 3300 2647 gradiuntur.
3343 2575 3445 2633 Ubi
3501 2576 3573 2630 ad

1995 2672 2287 2726 transitum
2344 2681 2430 2728 est
2478 2679 2830 2742 perventum,
2880 2668 3107 2724 Triban
3141 2678 3303 2745 trans
3346 2667 3573 2722 fluvium

1993 2762 2060 2819 ad
2092 2763 2497 2834 prohibendum
2521 2777 2579 2818 se
2600 2762 2967 2827 instruebant,
2993 2768 3051 2816 et
3074 2759 3180 2815 tela
3205 2760 3394 2830 procul
3413 2773 3575 2829 spar-
3601 2750 3607 2757 ’
3713 2825 3729 2840 .

1992 2840 2216 2927 gebat".
2269 2854 2339 2908 At
2382 2853 2681 2923 imperator
2713 2851 3201 2909 cum'forlissitnis
3246 2850 3442 2905 audaci
3470 2849 3577 2903 im-

1997 2955 2151 3015 petu,
2185 2944 2631 3015 contemptisque
2661 2943 3011 3013 corporibus,
3043 2941 3303 2997 Triballis
3321 2940 3572 3011 iaculan-

1998 3036 2167 3102 tibus,
2209 3043 2587 3107 quantumque
2621 3044 2879 3107 poterant
2910 3034 3357 3105 prohibentibus,
3391 3043 3581 3088 transq
3686 3108 3695 3111 γ

1998 3129 2061 3185 iit
2093 3146 2109 3185 :
2153 3128 2523 3221 quosbostes
2552 3142 2657 3184 nec
2705 3126 2773 3182 ad
2818 3138 3084 3200 punctum
3111 3126 3375 3198 temporis
3406 3126 3575 3181 susti—

315 3213 463 3287 δρμῃ
496 3215 836 3287 χρησάμενοι
893 3215 1210 3286 παραϐόλῳ,
1246 3216 1341 3270 καὶ
1373 3217 1641 3286 σωμάτων
1672 3219 1897 3290 ἀφειδή-

1996 3213 2230 3285 nentes,
2264 3219 2321 3274 in
2366 3217 2549 3291 fugam
2598 3232 2660 3276 se
2692 3218 2953 3275 omnibus
2984 3218 3174 3275 nervis
3198 3218 3575 3274 tradiderunt.

318 3322 534 3373 σαντες,
575 3307 844 3362 διέϐαινον
907 3306 1231 3378 βαλλόμενοι
1275 3311 1369 3362 καὶ
1409 3309 1784 3379 κωλυόμενοι,
1818 3310 1894 3376 ὡς

316 3398 446 3468 ινῆν
466 3397 572 3451 ὑπὸ
606 3397 717 3451 τῶν
758 3397 1079 3467 Τριϐαλῶνο
1131 3398 1422 3462 διαϐάντας
1481 3398 1539 3453 δὲ
1585 3400 1896 3469 ὑπέμειναν

317 3488 431 3542 οὐδ’
458 3490 549 3542 ἐπὶ
578 3490 774 3560 μικρόν
793 3503 811 3522 ο
839 3488 956 3542 ἀλλ’
983 3488 1214 3558 ἔφευγον
1244 3494 1579 3561 τραπόμενοι
1599 3493 1742 3546 κατά
1761 3493 1897 3560 κρά-

318 3596 430 3643 τος.
471 3580 730 3643 Βασιλεὺς
753 3578 809 3632 δὲ
833 3578 942 3632 οὒτ’
970 3578 1285 3634 ἐπιδιώκειν
1320 3581 1407 3633 είά
1430 3620 1446 3643 ,
1474 3581 1600 3633 οὔτε
1633 3581 1895 3635 ἀποκτεί-

319 3691 455 3741 νειν,
490 3676 715 3743 ἄγνοιαν
736 3678 835 3748 τῆς
881 3674 1178 3744 ἐπιϐουλῆς
1218 3675 1676 3745 ὕποκρινάμενος.
1700 3676 1899 3730 ’Ἐϐού-

320 3765 442 3820 λετο
469 3766 577 3836 γάρ
607 3766 876 3837 μηδεμίαν
896 3766 1091 3837 Κράλη
1126 3766 1257 3837 πρὸς
1280 3765 1373 3819 τὸν
1400 3767 1637 3836 πόλεμον
1682 3748 1897 3836 πρόφα-

225 3869 238 3875 ”
322 3876 409 3912 σιν
438 3859 719 3932 παρέχειν.
764 3860 827 3913 Ἡ
880 3858 939 3912 δὲ
977 3859 1113 3930 άλλη
1165 3860 1421 3935 στρατιὰ,
1476 3859 1710 3914 διέϐαινε
1755 3859 1899 3915 κατὰ

325 3951 524 4022 σχολὴν
552 3953 719 4022 μηδὲν
760 3950 1123 4023 ζημιωθείσα.
1173 3949 1433 4017 Βασιλεὺς
1460 3952 1543 4009 κδὲ
1598 3953 1900 4022 φιλοτίμως

324 4043 699 4115 ἀμειψάμενος
758 4044 849 4097 τδν
906 4046 1259 4116 ἡγησάμενον
1318 4045 1455 4115 πρὸς
1529 4044 1621 4098 τὸν
1691 4045 1897 4113 πόρον,

324 4137 462 4208 πρὸς
512 4137 777 4208 Βέρροιαν
821 4137 1069 4209 ἐπανῄει,
1120 4136 1324 4199 πολλάς
1358 4133 1526 4188 αὐτοῦ
1576 4150 1633 4187 τε
1670 4136 1763 4188 καὶ
1798 4138 1899 4206 τῆς
1950 4202 1961 4206 θ

326 4227 587 4298 στρατιᾶς
621 4226 725 4298 τῆς
754 4227 1032 4297 σωτηρίας
1100 4222 1221 4297 Θεῷ
1280 4225 1512 4296 χάριτας
1581 4222 1894 4294 ὁμολογῶν·

324 4321 382 4374 ἐν
445 4318 561 4390 χρῷ
626 4321 738 4389 γὰρ
799 4319 961 4390 είπερ
1011 4318 1145 4373 ποτὲ
1206 4320 1551 4389 κατέστησαν
1629 4315 1897 4372 κινδύνου.

325 4411 438 4481 Τῆς
490 4410 660 4482 αὐτῆς
720 4411 775 4464 δὲ
838 4410 1053 4483 ἡμέρας
1104 4411 1255 4481 καὶὴ
1313 4412 1377 4464 εκ
1410 4410 1630 4481 Θρᾴκης
1660 4409 1754 4463 καὶ
1782 4409 1901 4463 Μα-

326 4506 575 4571 κεδονίας
627 4508 855 4578 στρατιὰ
902 4507 1019 4576 ἅμα
1053 4508 1167 4571 τοῖς
1208 4508 1273 4559 ἐκ
1301 4505 1408 4558 τῶν
1444 4505 1718 4576 τριήρεων
1744 4501 1900 4557 ὁπλί-

1998 3309 2325 3380 Imperator,
2353 3308 2679 3364 insidiarum
2726 3306 3072 3378 ignoratione
3129 3308 3423 3373 simulata,
3471 3321 3576 3363 nec

1997 3399 2208 3471 insequi
2251 3415 2401 3463 suos,
2439 3415 2542 3456 nec
2574 3398 2826 3456 occidere
2853 3397 3126 3472 fugientes
3155 3400 3396 3469 sinebat,
3422 3398 3574 3470 quod

1998 3490 2201 3557 nullam
2232 3489 2380 3547 Crali
2403 3505 2683 3545 armorum
2715 3490 3065 3547 occasionem
3095 3490 3226 3547 dare
3255 3492 3438 3546 vellet.
3465 3491 3577 3547 Re-

2001 3582 2213 3652 liquum
2263 3597 2457 3653 agmen
2515 3582 2813 3653 paulatim,
2862 3589 2918 3638 et
2969 3582 3122 3638 nullo
3187 3598 3314 3639 cum
3372 3581 3576 3637 damno

2002 3674 2290 3732 transibat.
2332 3672 2471 3728 Tum
2515 3673 2815 3744 imperator
2845 3674 3084 3731 indicem
3108 3673 3233 3730 vadi
3275 3674 3577 3731 honorifice

2000 3775 2404 3830 remuneratus,
2452 3764 2769 3821 Berrhmam
2813 3780 2873 3822 se
2909 3759 3121 3830 retulit,
3146 3766 3218 3822 ob
3249 3781 3406 3822 suam
3435 3767 3579 3822 utili-

2000 3842 2235 3929 tumque
2258 3858 2490 3914 salutem
2521 3857 2632 3913 Deo
2662 3858 2869 3929 gratias
2893 3873 3063 3929 agens
3087 3874 3103 3913 :
3133 3857 3382 3928 periculo
3401 3862 3576 3926 enim,

1999 3948 2046 4004 si
2104 3936 2346 4017 unqitam
2407 3947 2579 4012 alias,
2637 3946 2875 4017 proximi
2926 3946 3169 4021 fuerant.
3225 3945 3432 4002 Eodem
3488 3946 3576 4002 die

1998 4038 2163 4095 etiam
2203 4053 2235 4095 e
2283 4037 2518 4093 Thracia
2557 4045 2614 4094 et
2667 4037 2981 4094 Macedonia
3043 4038 3375 4107 conscripti,
3408 4037 3576 4095 simul

1999 4145 2125 4186 cum
2151 4129 2452 4185 classiariis
2474 4130 2765 4201 utriusque
2795 4137 3115 4195 armaturae,
3140 4138 3197 4184 et
3220 4128 3400 4185 Persis
3424 4130 3582 4185 auxi-

1998 4223 2176 4280 liariis
2224 4223 2293 4278 ad
2332 4222 2536 4295 axium
2584 4223 2910 4287 adveniunt,
2942 4222 3333 4294 imperatorem
3360 4237 3582 4293 aggres-

2000 4317 2137 4374 suri.
2189 4315 2363 4384 Quem
2408 4315 2634 4372 flumine
2665 4318 2898 4372 transito
2936 4315 3252 4377 Berrhmam
3296 4329 3579 4371 reversum

2001 4410 2290 4466 audientes
2311 4450 2327 4478 ,
2380 4408 2832 4465 Thessalonicam
2870 4408 3076 4474 mmsti,
3107 4405 3255 4477 quod
3291 4404 3471 4463 serius
3503 4403 3584 4459 af-

2004 4500 2258 4568 fuissent,
2292 4510 2596 4557 retrorsum
2631 4501 2912 4556 abierunt.
2950 4499 3256 4570 Imperator
3282 4506 3399 4553 tum
3419 4512 3450 4551 a
3471 4497 3583 4551 Deo

273 4629 304 4640 -
325 4612 449 4658 ταις
476 4595 570 4659 καὶ
594 4577 792 4665 tmen,
831 4596 926 4649 καλ⁹
957 4593 1194 4663 Πέρσαις
1224 4596 1335 4657 τοῖς
1370 4596 1706 4665 συμμάχοις,
1763 4593 1897 4664 πρὸς

2011 4609 2071 4649 se
2111 4608 2222 4649 non
2260 4592 2497 4666 negligi,
2542 4591 2891 4648 manifestius
2918 4590 3196 4662 cognovit,
3225 4597 3282 4645 et
3306 4587 3582 4643 Berrhaeaa

341 4668 549 4754 ’Δξειόν
579 4682 717 4758 ἧκον
768 4687 861 4740 ἐπὶ
905 4684 1151 4756 βασιλέα.
1183 4684 1483 4753 Πυθόμενοι
1519 4685 1576 4738 δὲ
1605 4684 1680 4748 ὡς
1709 4685 1900 4749 διαϐὰς

329 4782 469 4852 ergo;
498 4782 761 4852 Βέρῤοιαν
800 4777 1112 4841 ιπανέλθοι,
1153 4776 1494 4847 ὑπέστρεφον
1530 4778 1611 4840 είς
1631 4776 1903 4831 Θεσσαλο-

327 4871 486 4942 νίκην
524 4870 840 4939 ἀνιώμενοι,
871 4869 952 4922 ὅτι
981 4868 1361 4937 ύστερήσειαν.
1389 4866 1655 4931 Βασιλεύς
1694 4883 1755 4920 τε
1776 4867 1901 4921 τότε

261 5001 274 5015 .
332 4963 533 5036 μᾶλλον
554 4961 946 5033 ἀκριϐέστερον
989 4957 1241 5029 συνεώρα
1284 4959 1382 5028 τὴν
1406 4960 1533 5028 περὶ
1577 4958 1738 5012 αὐτὸν
1769 4959 1906 5031 πρό-

329 5071 479 5109 νοιαν
507 5052 604 5107 τοῦ
634 5052 791 5106 Θεοῦ.
836 5051 991 5105 Ἐπεὶ
1017 5050 1075 5103 δὲ
1117 5052 1335 5118 ἐγένετο
1382 5050 1440 5102 ἐν
1480 5050 1735 5123 Βερροίᾳ,
1771 5051 1906 5122 Γερ-

334 5148 538 5219 μανοὺς
569 5144 667 5214 τῆς
693 5146 774 5209 είς
814 5144 978 5198 αὐτὸν
1009 5144 1222 5205 εὐνοίας
1256 5144 1633 5214 ἀμειψάμενος
1681 5144 1904 5212 εὐεργε-

333 5241 502 5305 σίαιο,
533 5239 866 5307 ἀπέπεμπεν
906 5239 986 5300 είς
1030 5236 1285 5306 Κράλην·
1327 5237 1581 5299 καὶτοὺς
1633 5236 1759 5309 περὶ
1806 5234 1905 5306 τὴν

331 5332 585 5392 δ.άϐασιν
628 5328 837 5395 ’Δξειοῦ
864 5328 1196 5394 κωλύοντας,
1234 5328 1643 5400 προσήγγελλεν
1671 5328 1748 5391 ὼς
1786 5328 1905 5382 άδι-

333 5425 631 5495 κήσαντας,
662 5425 756 5478 καὶ
787 5423 939 5489 παρᾶ
983 5423 1081 5485 τὰς
1127 5422 1358 5485 σπονδὰς
1405 5421 1657 5485 καὶτοὺς
1709 5422 1907 5493 ὅρκους

333 5514 512 5568 αὐτῶν
549 5516 672 5576 τοὺς
703 5516 781 5576 είς
826 5512 1087 5582 ἀλλήλους
1114 5510 1534 5582 εἰργασμένους.
1572 5510 1797 5583 Κράλης
1848 5510 1907 5564 δὲ

336 5607 488 5661 οὔπω
511 5608 760 5677 φανερῶς
787 5605 1344 5677 ὲξενηνεγμένοςπρὸς
1361 5604 1452 5657 τὸν
1466 5604 1591 5657 πόλε
1600 5621 1720 5673 μον,
1736 5602 1907 5656 θέλων

322 5682 564 5772 ’βασιλέα
587 5698 938 5769 θεραπεύειν,
957 5696 1079 5748 ἐπεὶ
1097 5694 1172 5764 μὴ
1186 5695 1274 5749 διά
1289 5695 1386 5765 τῆς
1414 5695 1700 5764 επιϐουλῆς
1721 5694 1909 5763 ὲξεγέ.

338 5808 460 5846 νετο
487 5788 832 5859 διαφθείρειν,
858 5788 909 5840 Μ
919 5785 1148 5855 ποζίκην
1180 5789 1273 5838 καὶ
1296 5772 1571 5853 Στέφανον
1584 5788 1706 5849 τοὺς
1735 5789 1907 5856 ἡγου-

346 5885 541 5955 μένους
558 5880 657 5954 τῆς
689 5879 1177 5949 στρατιᾶςέπεμπε
1215 5877 1347 5949 πρὸς
1384 5876 1629 5952 βασιλέα,
1654 5878 1728 5943 ὡς
1748 5878 1907 5943 δίκας

2003 4682 2305 4740 Germanos
2352 4698 2452 4755 pro
2498 4699 2690 4738 eorum
2733 4684 2787 4738 in
2839 4698 2898 4738 se
2944 4680 3327 4737 benevolentia
3359 4679 3584 4748 congia-

2005 4778 2088 4832 rio
2132 4778 2385 4843 donatos,
2437 4775 2504 4832 ad
2553 4775 2770 4832 Cralem
2817 4774 3031 4830 dimisit
3073 4790 3087 4828 :
3133 4772 3340 4844 quique
3380 4771 3580 4827 Axium

2005 4866 2323 4932 transituris
2346 4866 2715 4933 obstitissent,
2740 4879 2838 4919 eos
2869 4877 2967 4933 pro
2998 4862 3218 4935 injuriis
3245 4860 3583 4929 foederisque

2004 4956 2150 5012 inter
2207 4958 2401 5013 ambos
2446 4950 2669 5012 sanciti"
2702 4943 3069 5010 violatoribus
3126 4950 3346 5007 detulit.
3395 4948 3583 5004 Crales

2004 5048 2250 5103 nondum
2277 5056 2468 5118 aperte
2501 5047 2707 5102 bellum
2738 5059 3057 5116 capessens,
3082 5028 3583 5113 imperatoremque

2005 5138 2193 5207 aliquo
2245 5135 2425 5192 officio
2461 5137 2564 5192 sibi
2606 5136 2853 5207 obligare
2884 5134 3098 5197 volens.
3133 5130 3581 5203 quandoquidem

2006 5233 2256 5301 insidiae,
2304 5233 2507 5304 quibus
2553 5231 2706 5286 illum
2765 5229 2997 5301 perdere
3046 5228 3413 5289 moliebatur,
3474 5237 3582 5277 non

2004 5336 2408 5398 processerant,
2456 5325 2714 5389 Bozicen,
2756 5333 2810 5379 et
2847 5321 3190 5391 Stephanum
3223 5308 3434 5382 duces,
3465 5330 3584 5384 pm-

2005 5432 2105 5473 nas
2139 5416 2537 5488 improbitatis,
2571 5413 2719 5485 quod
2761 5414 3021 5467 nimirum
3065 5426 3125 5465 se
3156 5407 3431 5463 nesciente
3455 5419 3584 5460 cum

2006 5511 2187 5568 amico
2221 5525 2321 5565 suo
2356 5508 2558 5565 bellum
2583 5516 2859 5578 gererent,
2884 5504 3121 5559 luituros
3151 5500 3220 5557 ad
3243 5515 3370 5556 eum
3403 5508 3585 5554 transtr-

2006 5600 2195 5666 misit,
2243 5599 2573 5670 permittens
2615 5607 2676 5652 ut
2725 5611 2889 5666 quam
2938 5594 3140 5661 liberet
3172 5589 3430 5661 supplicii
3456 5603 3554 5644 seu

2012 5690 2243 5747 tentiam
2278 5692 2333 5745 in
2367 5704 2464 5745 eos
2494 5673 2911 5759 pronuntiaret;
2943 5701 3055 5739 non
3085 5683 3231 5739 enim
3264 5696 3443 5747 posse,
3473 5678 3580 5734 nisi

2002 5783 2210 5856 justum
2240 5780 2616 5853 pronuntiare.
2650 5777 2807 5849 551
2838 5776 3049 5843 Quibus
3076 5775 3372 5845 imperator
3395 5774 3583 5828 scelus

2009 5873 2370 5948 exprobrans,
2405 5873 2552 5945 quod
2596 5871 2828 5936 nefaria,
2858 5880 2914 5927 et
2938 5869 3115 5925 Cralis
3140 5882 3267 5938 erga
3290 5874 3351 5922 se
3386 5862 3578 5921 amici-
