3962 6570
187 419 334 488 1057

1331 432 1873 493 IlIS’I‘OlilAliUM
1931 433 2165 496 LIBER
2213 439 2328 500 IlI.

3333 441 3472 506 1058

179 542 457 622 εἰρημένα
486 543 814 616 ἐδυσχέρανε
865 545 964 616 μὲν
993 546 1248 614 ἐπιπολὺ,
1293 548 1393 619 τὴν
1417 551 1652 617 ἀπορίαν
1682 546 1779 619 ἤδη

1891 548 2186 620 perinique
2246 554 2394 620 tulit,
2446 554 2636 612 videns
2683 557 2916 627 ipsemet
2969 554 3172 628 quibus
3226 556 3474 626 undique

178 636 284 688 καὶ
319 636 481 701 αὐτὸς
499 637 598 708 τὴν
631 639 968 708 πανταχόθεν
997 641 1262 710 συνορῶν.
1291 643 1484 714 Ὅμως
1515 643 1624 696 τιίν
1654 645 1784 714 περὶ

180 729 356 782 αὐτὸν
389 731 515 793 τοὺς
556 729 791 801 μάλιστα
820 733 877 784 ὲν
906 733 1049 804 λόγῳ
1101 735 1450 805 συναγαγὼν,
1489 736 1585 788 καὶ
1605 738 1784 790 πάντα

181 819 399 891 Exige}:
425 822 653 893 θέμενος
684 827 822 880 ὃσαὸ
844 826 1100 898 βασιλεὺς
1121 828 1458 899 διαλεχθείη,
1482 830 1782 901 ἐπέτρεπεν

181 915 424 968 ἕκαστον
455 917 482 969 ὅ
517 933 568 970 τι
613 917 680 971 ἂν
705 918 834 990 δοκῇ
867 920 1137 973 συνοίσειν
1199 921 1404 990 λέγειν.
1451 922 1513 975 Ol
1553 923 1652 990 μὲν
1687 918 1783 975 οὖν

182 1003 366 1072 ἄλλοι,
421 1007 516 1060 καὶ
578 1008 710 1077 πρὶν
781 1011 1237 1081 Καντακουζηνδν
1277 1013 1486 1081 ἔφασαν
1549 1014 1779 1068 τοιαῦτα

184 1096 496 1165 εἰρηκέναι,
528 1098 724 1161 αὐτοὺς
773 1101 910 1170 πρὸς
938 1100 1206 1171 ἀλλήλους
1249 1105 1382 1174 περὶ
1410 1097 1485 1158 ὧι
1519 1106 1784 1174 πράττειν

183 1187 314 1240 ὂέον
357 1191 472 1241 νυνὶ
515 1189 946 1260 βουλευομένοδς
973 1232 989 1257 ,
1031 1195 1170 1264 πρὲις
1221 1197 1320 1264 τὴν
1373 1196 1496 1267 ἴσην
1546 1198 1784 1269 ἀπορίαν

188 1281 539 1351 πανταχόθεν
555 1281 810 1351 ἄγεσθαι.
833 1284 1051 1338 Πολλῶν
1077 1287 1183 1357 γάρ
1217 1287 1599 1358 ἀναλωμάτων
1623 1293 1784 1361 χρεία

189 1375 332 1445 πρὸς
361 1375 636 1446 τοσαύτην
695 1380 958 1448 στρατιὰν
993 1384 1089 1433 καὶ
1123 1380 1268 1434 οὕτω
1305 1382 1702 1445 πολυδάπανον.
1735 1387 1784 1440 εξ

190 1467 492 1536 μέλλοιμεν
533 1467 770 1524 ἐνταῦθα
793 1471 1209 1544 διακαρτερεῖν
1243 1475 1381 1544 πρὸς
1429 1475 1464 1529 ἃ
1497 1478 1595 1530 οὐκ
1627 1478 1783 1548 ἐξαρ-

145 1557 156 1568 “
191 1559 384 1613 κέσειν
409 1561 478 1614 τὰ
518 1561 674 1614 κοινά
699 1564 834 1632 ἡμῖν
871 1566 1132 1636 χρήματα
1175 1567 1423 1636 οἰόμεθα.
1461 1570 1784 1641 Μονομάχος

188 1651 253 1705 δὲ
291 1655 319 1706 ὁ
342 1653 514 1722 μέγας
555 1655 912 1720 κονοσταῦλος
938 1659 1238 1729 συνέσειςτε
1267 1653 1375 1714 τῶν
1409 1662 1584 1716 ἄλλων
1618 1663 1786 1735 ὑπερ-

191 1743 362 1814 έχων,
395 1748 490 1800 καὶ
521 1747 656 1814 πρὸς
717 1751 1023 1820 στατηγίας
1053 1751 1272 1816 οὐδενὸς
1300 1753 1624 1825 λειπόμενος
1675 1759 1785 1811 τῶν

188 1839 342 1905 τότε,
378 1839 475 1893 καὶ
499 1839 588 1894 διὰ
609 1841 787 1896 ταῦτα
823 1844 916 1897 καὶ
939 1846 1096 1914 παρᾶ
1126 1847 1396 1914 βασιλέως
1439 1849 1780 1920 Ἀνδρονίκου

189 1929 406 2000 πολλῆς
434 1931 727 1985 ἀπολαύων
758 1934 1070 2002 εὐμενείας,
1095 1937 1188 1988 καὶ
1221 1937 1430 1992 πόλεων
1457 1939 1777 2012 διοικήσεις,

191 2021 297 2072 καὶ
349 2023 728 2093 στρατοπέδων
766 2025 1066 2096 ἡγεμονίας
1119 2031 1513 2102 πιστευόμενος
1559 2034 1667 2096 ἀεὶ,
1707 2033 1782 2088 Τὸ

191 2113 532 2180 κολακείαις,
554 2112 696 2183 εἷπε,
718 2119 811 2171 καὶ
833 2119 1072 2184 ἀπάταις
1090 2121 1345 2192 χρῆσθαι,
1373 2124 1468 2178 καὶ
1493 2125 1654 2196 ἕτερα
1681 2129 1780 2198 μὲν

193 2210 419 2277 φρονεῖν
447 2207 577 2279 περὶ
607 2208 717 2262 τῶν
748 2211 1115 2282 πραγμάτων,
1153 2212 1289 2266 ἀλλα
1319 2214 1378 2268 δι
1407 2215 1584 2284 λέγειν
1608 2237 1779 2291 -χαρι-

167 2300 428 2369 ’ζόμενον
452 2304 563 2366 τοῖς
615 2301 896 2373 ἄρχουσιν,
937 2304 996 2357 ού
1046 2305 1207 2375 μόνον
1244 2306 1488 2375 ἀγεννῶν
1513 2312 1604 2362 καὶ
1660 2313 1780 2364 ἁνε-

190 2394 478 2468 λευθέρων
535 2393 678 2451 εἶναι
707 2399 967 2469 νενόμικα
995 2398 1302 2471 ἀνθρώπων
1322 2441 1338 2468 ,
1364 2402 1502 2458 ἀλλά
1547 2405 1641 2458 καὶ
1670 2409 1781 2468 τοῖς

193 2489 491 2558 πράγμασι
506 2489 574 2542 τὰ
605 2489 809 2560 ἔσχατα
840 2489 1222 2560 λυμαίνεσθαι.
1263 2493 1453 2547 Πολλοὶ
1481 2496 1610 2564 γοῦν
1651 2497 1782 2550 Ῥω-

197 2581 382 2650 μαίων
415 2583 508 2633 καὶ
542 2580 780 2651 βασιλεῖς
813 2583 905 2636 καὶ
948 2586 1246 2654 στρατηγοὶ
1303 2585 1516 2652 πολλοῖς
1551 2592 1646 2642 καὶ
1685 2608 1784 2660 με-

193 2673 391 2740 γάλοις
432 2672 836 2744 συνεσχέθησαν
885 2673 1080 2738 δεινοῖς
1110 2675 1199 2731 δια
1232 2677 1331 2751 τὴν
1367 2679 1521 2734 νόσον
1553 2680 1776 2754 ταύτην,

193 2765 300 2818 καὶ
321 2765 400 2837 τῷ
449 2765 678 2837 ὑπηκόῳ
728 2767 1206 2840 προσδιέφθειραν,
1251 2774 1345 2826 καὶ
1372 2773 1620 2838 ἑαυτούς.
1653 2777 1781 2830 Ὅτε

190 2857 381 2910 τοίνυν
415 2858 558 2912 οὕτω
599 2859 747 2928 δεινὴ
781 2861 814 2927 ἡ
847 2861 914 2932 ὲκ
945 2862 1041 2934 τῆς
1092 2863 1380 2926 κολακείας
1415 2865 1612 2939 βλάϐη,
1663 2869 1784 2924 δέον

192 2949 372 3022 αὐτὴν
409 2952 504 3005 καὶ
554 2953 704 3022 ἡμᾶς
740 2953 1136 3025 ἀποθεμένους,
1192 2955 1324 3011 ἄνευ
1353 2957 1499 3022 τινος
1551 2977 1784 3033 περικαο

192 3042 507 3115 λύμματος,
536 3044 572 3099 δι
595 3044 743 3114 σφίσι
770 3063 830 3100 τε
872 3046 1079 3112 αὐτοῖς,
1121 3049 1218 3103 καὶ
1255 3051 1368 3114 τοῖς
1397 3049 1576 3115 ἄλλοις
1607 3053 1781 3108 ἀπασι

207 3133 506 3205 Ῥωμαίοις
550 3134 778 3206 οίόμεθα
823 3137 1127 3209 συμφέρειν
1157 3139 1359 3208 λέγειν.
1391 3140 1454 3196 Εί
1499 3142 1556 3198 δέ
1605 3160 1688 3208 τις
1717 3146 1783 3198 ἐκ

200 3227 313 3317 τῶν
341 3227 512 3297 λόγων
545 3228 735 3298 ἕψεται
773 3229 923 3296 ἀνία,
968 3232 1028 3284 οὐ
1060 3233 1168 3304 χρὴ
1196 3235 1308 3298 τοῖς
1339 3233 1520 3304 λόγοις
1547 3235 1779 3307 προσλο-
1811 3259 1854 3317 c

197 3315 471 3389 γίζεσθαι,
501 3322 621 3376 οὐδὲ
653 3324 719 3394 τῇ
753 3322 949 3397 γνώμῃ
975 3323 1069 3378 τοῦ
1096 3325 1364 3393 εἰπόντος,
1396 3327 1514 3380 ἀλλ’
1542 3327 1680 3399 αὐτῇ
1712 3330 1776 3400 τῇ

195 3411 362 3480 φύσει
391 3413 499 3466 τῶν
528 3415 888 3484 πραγμάτων.
921 3416 996 3468 Ού
1025 3416 1133 3488 γάρ
1154 3417 1222 3471 τὰ
1245 3418 1549 3490 πράγματα
1569 3419 1778 3489 πέφυκε

192 3506 447 3576 γίνεσθαι
479 3503 692 3579 οἷοιπερ
719 3511 768 3563 οἱ
793 3509 964 3579 λόγοι.
1005 3510 1169 3566 Ἀλλά
1194 3514 1259 3584 τῇ
1299 3513 1407 3568 τῶν
1431 3512 1780 3585 πραγμάτων

191 3603 361 3671 φύσει
391 3603 450 3671 ἐξ
494 3605 740 3676 ἀνάγκης
776 3605 872 3661 καὶ
911 3605 962 3658 οί
994 3605 1141 3675 λόγοι
1177 3605 1673 3678 συνεξομοιοῦνται.
1713 3608 1778 3662 El

191 3696 310 3766 γάρ
331 3697 458 3768 ὲξῆν
491 3699 627 3770 πρὸς
663 3699 854 3770 ἡδονὴν
882 3699 992 3752 τῶν
1015 3699 1190 3768 λόγων
1223 3699 1546 3769 γινομένων,
1583 3701 1678 3753 καὶ
1708 3699 1778 3754 τά

191 3788 500 3859 πράγματα
542 3790 1118 3861 συμμεταϐάλλεσθαι,
1149 3792 1302 3844 οὐδὲν
1355 3791 1424 3845 ἂν
1457 3789 1524 3863 ἦν
1550 3792 1777 3864 ἀνοητό-

189 3898 356 3952 τερον
375 3880 466 3934 τοῦ
504 3882 580 3954 μὴ
606 3885 794 3937 τοῦτον
818 3885 912 3936 τὸν
945 3885 1146 3945 τρόπον
1175 3883 1503 3955 αἱρουμένου
1538 3884 1776 3954 ωμόουο

190 3973 396 4029 λεύειν.
436 3976 578 4030 Νυνὶ
619 3977 677 4030 δὲ
714 3975 789 4039 ὼς
815 3976 1052 4047 δρῶμεν,
1082 3977 1143 4028 ού
1177 3977 1350 4049 μικρά
1387 3993 1472 4039 τις
1518 3977 1552 4048 ἡ
1603 3976 1780 4048 ζημία

187 4068 399 4140 ταύτης
431 4069 528 4139 τῆς
589 4069 806 4142 ἡδονῆς,
866 4068 1001 4122 ἀλλὰ
1061 4069 1287 4131 θάνατος
1330 4069 1438 4122 τῶν
1479 4069 1774 4138 ἑλομένων.

190 4163 304 4217 Τοῦ
340 4163 574 4235 πολέμου
625 4163 805 4218 τοίνυν
840 4163 933 4217 τοῦ
975 4161 1239 4233 ἐμφυλίου
1265 4162 1453 4217 τούτου
1484 4162 1779 4234 κεκινημέο

189 4271 287 4308 νου
314 4255 542 4326 δύναμιν
581 4255 822 4326 μεγάλην
878 4253 1342 4325 περιδεδλημένος
1392 4255 1421 4306 ό
1457 4253 1776 4307 Καντακου-

189 4347 354 4417 ζηνὸς
375 4349 561 4403 ἐνθάδε
588 4345 721 4421 ἧκεν
754 4347 914 4410 εὐθὺς
955 4346 1214 4418 ὲξαρχῆς,
1247 4345 1382 4412 πρὸς
1409 4346 1475 4415 ἢν
1493 4344 1612 4398 οὐδὲ
1630 4346 1780 4399 ἀντι-

188 4441 414 4495 ϐλέπειν
449 4443 762 4513 σύμπαντες
798 4441 1142 4512 ἠδυνήθημεν
1166 4443 1348 4510 ἡμεῖς.
1390 4440 1480 4492 Ἑν
1513 4438 1554 4491 Γ
1559 4454 1778 4492 υναικο-

189 4539 416 4608 κᾶιστρῳ
453 4536 510 4587 δὲ
548 4538 648 4604 τῆς
701 4535 828 4604 περὶ
883 4533 1046 4585 αὑτὸν
1083 4531 1372 4601 συμϐάσης
1414 4530 1774 4594 ἁποστασίας,

1889 642 2100 712 laqueis
2147 661 2210 700 ac
2275 649 2539 716 periculis
2593 651 2812 706 cinctus
2839 664 3006 706 esset.
3058 652 3243 705 Nihilo
3294 651 3476 707 minus

1889 733 2298 793 honestissimis
2369 742 2633 796 comitum
2705 759 2934 799 suorum
2999 744 3313 798 rmnmcatis
3354 785 3368 810 ,
3419 754 3477 798 et

1889 822 2242 894 imperatoris
2311 845 2578 901 reSponso
2655 836 2944 904 exposito,
3021 850 3475 906 unumquemque

1888 918 2023 986 quid
2082 923 2344 989 eXpeitire
2411 925 2830 992 arbitraretur,
2902 928 3215 982 cdisserere
3284 917 3472 998 j'nssit.

1887 1008 2026 1062 Tum
2063 1011 2155 1064 alii
2191 1013 2486 1078 aﬂirmare,
2517 1016 2682 1069 etiam
2722 1028 3018 1086 antequam
3053 1019 3476 1072 Cautacuzcnus

1889 1101 1994 1158 ista
2052 1103 2286 1169 diceret,
2334 1105 2478 1162 inter
2508 1123 2565 1162 se
2601 1109 2732 1178 quid
2788 1127 2937 1164 nunc
2985 1111 3257 1180 agendum
3306 1111 3474 1176 foret,

1887 1195 2232 1262 qttmsivisse.
2271 1208 2326 1252 et
2349 1215 2504 1269 teque
2541 1201 2596 1255 in
2639 1218 2699 1256 re
2725 1211 2834 1256 tam
2878 1205 3136 1272 perplexa
3173 1203 3470 1258 consilium

1890 1289 2141 1354 reperire
2177 1289 2389 1342 nullutu
2420 1293 2684 1359 potuisse.
2718 1291 2922 1346 Tantas
2956 1295 3160 1362 quippe
3191 1295 3399 1362 copias,
3425 1293 3472 1349 si

1889 1378 1982 1433 hic
2017 1380 2300 1450 perduret,
2333 1383 2452 1438 sine
2497 1399 2696 1453 magno
2732 1395 2955 1454 sumptu
3009 1386 3078 1439 ali
3122 1400 3230 1439 non
3265 1401 3424 1455 posse
3455 1401 3470 1438 :

1888 1487 1993 1526 nec
2019 1473 2088 1528 iis
2113 1474 2331 1530 alendis
2367 1491 2431 1531 ex
2459 1479 2656 1532 aerario
2704 1477 3069 1548 pecuniarum
3103 1480 3238 1534 satis
3268 1495 3470 1548 suppe—

1890 1563 2215 1620 ditaturum.
2245 1565 2313 1622 At
2345 1567 2758 1632 Monomachus,
2797 1585 3025 1641 magnus
3074 1573 3472 1636 contostaulus,

1889 1660 2186 1728 prudentia
2226 1662 2442 1717 caeteris
2491 1667 2852 1730 antecellens,
2897 1675 2954 1720 et
3013 1665 3159 1720 illius
3187 1665 3472 1719 memoriae

1891 1751 2093 1812 ducum
2149 1753 2287 1808 nulli
2347 1757 2788 1825 postponendns,
2839 1767 3006 1827 atque
3055 1757 3264 1812 idcirco
3295 1756 3474 1826 impe-

1892 1843 2132 1911 peratori
2178 1843 2499 1904 Andronico
2533 1844 2738 1899 eximie
2784 1846 3011 1911 charus,
3063 1846 3265 1916 cuique
3305 1846 3472 1899 urbes

1882 1951 2114 2005 semper
2161 1944 2219 1991 et
2257 1938 2538 1993 exercitus
2586 1939 3082 1994 committebantur
3115 1957 3131 1995 :
3163 1939 3468 2004 Assentari,

1889 2027 2091 2098 inquit,
2123 2036 2180 2083 et
2209 2028 2266 2084 in
2296 2029 2548 2085 fraudem
2579 2031 2890 2101 impellere,
2925 2041 2983 2087 et
3005 2031 3156 2086 aliud
3184 2032 3468 2086 conditum

1889 2119 1944 2173 in
1981 2131 2230 2188 pectore,
2285 2121 2435 2176 aliud
2495 2123 2551 2176 in
2609 2123 2798 2193 lingua
2861 2132 3179 2193 promptum
3241 2123 3470 2187 habere,

1887 2213 2125 2284 gratiam
2203 2215 2515 2285 principum
2593 2225 2961 2284 aucupantem
3013 2255 3030 2282 ,
3106 2232 3216 2271 non
3289 2217 3466 2270 solum

1889 2308 2176 2364 hominum
2235 2325 2425 2380 parum
2480 2309 2842 2380 ingenuorum
2893 2324 2958 2364 ac
2987 2309 3322 2372 liberalium,
3375 2311 3471 2363 sed

1889 2390 2058 2456 rebus
2086 2403 2252 2456 etiam
2285 2402 2420 2471 ipsis
2451 2401 2980 2471 perniciosissimum
3012 2415 3134 2456 esse
3173 2401 3337 2456 duco.
3365 2400 3471 2468 Qui

1891 2493 2121 2546 morbus
2153 2493 2265 2563 (24)
2301 2493 2618 2566 complures
2665 2493 3037 2546 Romanorum
3090 2493 3471 2562 imperatores,

1890 2599 1956 2638 ac
1985 2583 2159 2638 duces
2196 2584 2384 2638 multis
2412 2598 2515 2637 nec
2545 2583 2762 2638 levibus
2791 2583 2948 2638 malis
2978 2583 3255 2654 implicuit
3282 2603 3296 2638 :
3327 2582 3474 2637 unde

1889 2692 2015 2730 cum
2052 2675 2122 2731 iis
2171 2691 2312 2746 quos
2343 2677 2398 2729 in
2435 2675 2646 2730 ditionc
2680 2692 2743 2730 ac
2778 2683 3052 2746 potestate
3085 2675 3384 2740 habebant,
3413 2690 3473 2730 se

1890 2769 2041 2840 ipsos
2086 2785 2311 2839 quoque
2369 2769 2758 2834 perdiderunt.
2812 2767 3084 2836 Quoniam
3140 2769 3309 2840 igitur
3363 2778 3472 2822 tam

1892 2861 2056 2916 noxia
2087 2870 2172 2916 est
2227 2862 2552 2926 assentatio,
2596 2870 2819 2931 oportet
2858 2871 2915 2916 et
2971 2877 3074 2916 nos
3111 2861 3203 2915 illa
3229 2861 3470 2926 .ontissa,

1889 2949 2032 3005 citra
2081 2950 2456 3006 velamentum
2507 2969 2629 3022 quae
2692 2953 2854 3008 nobis
2923 2955 3158 3024 aliisque
3212 2955 3475 3009 Romanis

1891 3042 2156 3100 omnibus
2176 3044 2492 3100 conducere
2519 3060 2803 3116 putamus,
2829 3047 2884 3102 in
2919 3047 3157 3102 medium
3188 3030 3470 3120 proferre:

1891 3144 1948 3192 et
2000 3135 2048 3191 si
2113 3133 2260 3190 dicta
2335 3143 2523 3191 nostra
2587 3137 2814 3191 duriora
2874 3137 3169 3210 minusque
3225 3139 3472 3210 jucunda

1889 3231 2116 3294 fuerint,
2151 3244 2260 3284 non
2289 3229 2455 3284 dictis
2489 3229 2545 3284 id
2577 3246 2756 3300 neque
2783 3230 3052 3286 voluntati
3083 3231 3342 3294 dicentis.
3373 3235 3470 3289 sed

1891 3323 1996 3394 ipsi
2025 3337 2211 3378 rerum
2248 3321 2552 3377 conditioni
2573 3323 2892 3390 ascribere;
2913 3337 3022 3378 non
3050 3324 3252 3378 etenim
3281 3338 3468 3378 rerum

1885 3425 2084 3472 natura
2115 3430 2452 3478 sermonem,
2476 3413 2637 3485 555
2663 3417 2759 3470 sed
2796 3426 3050 3470 naturam
3082 3432 3264 3472 rerum
3291 3431 3475 3472 sermo

1887 3510 2207 3564 necessario
2265 3507 2520 3562 imitatur
2569 3507 2706 3577 (25).
2742 3507 2881 3563 Nam
2930 3509 2979 3564 si
3032 3509 3101 3564 ad
3137 3511 3474 3580 voluptatem

1890 3601 2166 3658 orationis
2236 3600 2403 3655 etiam
2457 3615 2546 3657 res
2595 3602 2890 3657 immutare
2941 3613 2999 3658 et
3051 3605 3473 3660 accommodare

1885 3691 2102 3755 liceret,
2153 3690 2291 3746 nihil
2339 3699 2488 3745 esset
2530 3692 2890 3762 insipientius
2941 3711 3108 3764 quam
3169 3695 3316 3750 nolle
3366 3698 3468 3750 hac

1888 3788 2106 3843 ratione
2153 3788 2468 3844 consulere.
2543 3788 2710 3856 Atqui
2759 3787 3054 3853 videmus,
3111 3790 3204 3858 qui
3253 3803 3313 3844 se
3370 3791 3473 3845 bac

1887 3880 2165 3935 suavitate
2243 3881 2392 3950 passi
2453 3889 2584 3935 sunt
2633 3881 2878 3946 deliniri,
2934 3896 3058 3936 eam
3111 3897 3220 3936 non
3276 3883 3473 3952 quavis

1889 3985 2055 4041 poena
2119 3969 2216 4025 sed
2272 3970 2394 4040 ipso
2435 3970 2662 4024 interitu
2695 3971 2941 4040 expiare.
2974 3970 3125 4025 Bello
3169 3972 3337 4042 igitur
3367 3973 3474 4028 hoc

1885 4062 2033 4119 civili
2092 4071 2318 4126 exorto,
2374 4061 2796 4118 Cantacuzenus
2849 4077 2975 4117 cum
3033 4079 3142 4118 non
3205 4063 3472 4120 mediocri

1885 4155 2134 4227 potentia
2178 4155 2287 4210 huc
2334 4155 2520 4210 statim
2577 4169 2607 4208 a
2663 4155 2940 4225 principio
2979 4157 3253 4220 veniebat,
3306 4174 3470 4226 quam

1887 4265 2083 4306 omnes
2112 4265 2217 4306 nos
2244 4265 2348 4306 nec
2372 4249 2576 4304 intueri
2597 4245 3034 4306 sustineliatnus.
3061 4249 3469 4322 Gynaecocastri

1887 4356 2068 4400 autem
2109 4359 2237 4398 cum
2267 4359 2298 4398 a
2330 4345 2446 4398 suis
2473 4343 2749 4405 desertus,
2799 4343 2890 4397 tali
2924 4360 3174 4399 aerumna
3213 4345 3467 4414 fatigare-

1889 4449 2000 4503 tur,
2055 4453 2176 4507 qum
2219 4439 2387 4493 etiam
2441 4437 2604 4508 longe
2667 4436 3132 4506 patientissimum
3185 4440 3250 4492 tle
3299 4441 3471 4506 gradu

1887 4530 2089 4585 merito
2144 4529 2459 4600 deiecisset,
2529 4529 2621 4582 ille
2673 4527 2946 4582 infractus
2991 4537 3050 4582 et
3112 4527 3473 4582 immutabilis

189 4645 288 4683 και
328 4628 584 4697 τοιαύτης
612 4625 981 4696 περισχούσης
1010 4626 1415 4693 κακοπραγίας,
1446 4622 1532 4674 οἵα
1566 4621 1776 4675 καὶτὸν

1889 4639 2008 4679 eum
2027 4623 2280 4694 reliquiis
2307 4622 2359 4676 in
2377 4621 2655 4676 Triballos
2683 4622 2938 4676 ordinato
2953 4623 3168 4691 agmine
3190 4621 3472 4685 discessit,

193 4717 433 4788 μάλιστα
483 4717 959 4787 καρτερικώτατον
1012 4713 1354 4783 ἐθορύϐησαν
1415 4713 1481 4767 ἂν
1527 4712 1775 4774 δικαίως,

190 4812 404 4871 εκείνος
437 4810 536 4863 οὐκ
564 4813 765 4862 ἀπεῖπε
806 4808 940 4878 πρὸς
970 4807 1062 4880 τὴν
1099 4808 1385 4877 συμφορὰν
1439 4806 1560 4859 οὐδὲ
1589 4805 1779 4860 ὲνέεω-

194 4887 324 4957 κδ·
365 4903 480 4954 ἀλλ’
509 4902 626 4973 ἅμα
666 4904 780 4965 τοῖς
818 4901 1252 4970 περιλειφθεῖσιν
1300 4898 1580 4970 ἀπεχώρει
1635 4901 1776 4970 πρὶς

193 4989 503 5061 Τριδαλοὺς
562 4991 1016 5062 συντεταγμένος,
1079 4988 1270 5061 ὥσπερ
1318 4989 1545 5060 μηδενὸς
1583 4989 1773 5043 καινοῦ

1887 4719 2118 4793 perinde
2177 4733 2241 4772 ac
2281 4718 2328 4773 si
2361 4717 2500 4771 nihil
2545 4716 2671 4770 novi
2710 4716 3005 4770 accidisset
3057 4733 3071 4769 :
3127 4715 3292 4769 nobis
3342 4725 3472 4784 post

1890 4820 2095 4866 tantam
2132 4809 2634 4881 perturbationem,
2667 4818 2722 4862 et
2763 4806 3136 4861 secessionem
3166 4807 3401 4860 militqu
3438 4821 3470 4860 a

1888 4909 2043 4970 tergo
2091 4898 2254 4954 enixe
2307 4897 2644 4952 instantibus
2697 4910 2760 4950 ac
2806 4893 3300 4951 tumultuantibus.
3349 4892 3468 4948 Jam

1884 5007 2018 5048 vero
2048 4990 2197 5062 apud
2227 4989 2502 5047 Triballos
2531 4988 2611 5044 sic
2665 4977 2858 5043 omnes
2902 4987 3005 5042 sibi
3042 4986 3312 5050 devinxit,
3350 4993 3472 5040 tan-

1459 5139 1680 5203 Jacobi
1710 5140 1979 5205 Pontani
2020 5146 2208 5204 notae.

268 5282 379 5352 (2i)
436 5252 618 5336 Animi
673 5279 849 5356 vitia,
885 5277 1186 5356 pravitates
1233 5276 1779 5356 et_consuetudines

193 5348 390 5424 parum
451 5355 625 5406 bonas
673 5366 738 5405 ac
787 5348 1109 5424 laudabiles,
1175 5348 1465 5424 latinitatis
1518 5357 1776 5424 auctores

210 5433 408 5478 totum
443 5425 676 5487 morbos,
716 5423 908 5476 imitati
945 5420 1167 5476 Graecos
1219 5419 1476 5473 Videlicet
1511 5434 1524 5472 :
1557 5425 1615 5472 et
1649 5422 1778 5473 atti-

191 5510 345 5549 tuutu
385 5494 470 5548 his
506 5496 787 5558 allectum,
840 5504 1108 5562 wgrmare
1144 5490 1362 5562 dicunt,
1413 5497 1468 5543 et
1511 5499 1776 5559 mgrotum

187 5567 461 5618 animum.
537 5563 774 5619 Proinde
828 5560 991 5616 etiam
1050 5560 1378 5614 medicinam
1448 5562 1654 5622 anitni,
1725 5573 1782 5616 et

187 5637 377 5694 curari
424 5635 695 5690 animum.
752 5633 855 5686 l’ro
903 5630 1093 5685 multis
1153 5645 1298 5683 unus
1341 5632 1497 5685 testis
1551 5629 1784 5685 sulliciat

189 5706 412 5770 Cicero,
473 5704 631 5775 cujus
667 5705 786 5757 hare
814 5711 944 5759 sunt
977 5702 1144 5775 verba
1176 5699 1480 5775 Tusca/an._
1502 5703 1595 5775 2}
1640 5701 1781 5775 Quid

193 5777 288 5847 qui
313 5769 557 5846 pecunia?
590 5775 902 5844 cupiditate,
944 5774 1032 5841 qui
1067 5773 1392 5836 voluptatum
1421 5769 1638 5847 libidine
1695 5772 1776 5841 fe-

196 5841 413 5911 runtur,
445 5841 779 5916 quorumque
817 5847 895 5898 ita
927 5847 1309 5916 perturbantur
1341 5841 1528 5916 animi,
1564 5852 1620 5894 nt
1670 5858 1775 5896 non

197 5919 422 5972 multum
456 5912 627 5970 absint
659 5912 723 5970 ab
765 5912 998 5982 insania,
1047 5914 1182 5984 quod
1207 5912 1570 5982 insipientibus
1601 5919 1775 5966 omni-

1886 5276 1982 5330 bus
2029 5275 2434 5347 contingit:hia
2491 5274 2708 5329 nullane
2755 5284 2831 5328 est
2871 5272 3167 5347 ad/iibenan
3218 5269 3472 5347 curatio!

1887 5357 2070 5400 utrum
2137 5343 2278 5416 quod
2348 5347 2524 5400 minus
2587 5357 2808 5399 noceant
2871 5344 3065 5416 animi,
3102 5343 3472 5416 a'grolationes

1887 5433 2047 5486 quam
2085 5415 2340 5487 corporis,
2367 5433 2436 5469 an
2458 5419 2594 5486 quod
2629 5433 2852 5486 corpora
2886 5415 3319 5487 curaripossint,
3351 5429 3471 5487 ant.

1887 5484 2094 5543 ntorum
2127 5484 2280 5544 nulla
2311 5484 2571 5542 medicina
2595 5489 2660 5541 sit
2683 5484 2796 5540 ."At
2840 5499 2887 5541 et
2927 5486 3090 5539 morbi
3129 5484 3472 5552 perniciosio-

1880 5563 1971 5612 res
2003 5559 2280 5630 pluresque
2307 5568 2425 5614 sunt
2443 5555 2648 5620 animi,
2671 5575 2832 5628 qtutm
2861 5571 3114 5626 corporis,
3151 5567 3258 5610 etc.

1956 5632 2071 5697 (25)
2101 5630 2278 5684 Verba
2311 5637 2440 5685 sunt
2470 5635 2625 5700 signa
2659 5638 2715 5681 et
2747 5639 2889 5700 nuta:
2911 5642 3114 5690 rerum,
3137 5641 3257 5700 non
3285 5634 3468 5680 autem

1881 5716 1970 5754 res
1993 5716 2146 5770 signa
2183 5710 2401 5754 etnotae
2433 5698 2750 5754 verborum.
2794 5699 2860 5752 Et
2913 5713 3001 5753 res
3034 5698 3217 5751 \erbts
3259 5710 3472 5764 priores

1879 5780 2030 5827 sunt.
2053 5769 2251 5840 itaque
2310 5771 2662 5828 sentiendum
2700 5781 2755 5826 et
2791 5769 3144 5840 ,loquendum
3183 5775 3242 5823 ut
3282 5781 3468 5822 rert'm

1884 5851 2080 5897 natura
2114 5843 2238 5896 fert.
