3962 6608
0 2936 7 2943 ρ
24 2934 79 2943 .~:-
92 2931 104 2939 ν

0 2948 79 2967 διδνὲοη
93 2953 103 2961 ν’

415 420 549 486 ιοτδο

412 543 469 596 ἐν
492 538 863 613 Θεσσαλονίκῃ
930 540 1116 613 κρύφα
1146 539 1511 611 διαλέγεσθαι,
1542 541 1638 596 καὶ
1664 541 2001 611 διαφθείρειν

2115 552 2307 608 eosque
2329 545 2778 606 corrumperent,
2806 533 2952 605 quod
2977 532 3180 605 alioqui
3206 532 3354 603 longi
3416 535 3687 609 temporis
3795 519 3800 524 ’

413 634 540 696 τοὺς
608 634 869 696 συνόντας
918 635 1150 704 βασιλεῖ,
1207 633 1293 703 ἐφ’
1325 628 1407 697 οἷς
1453 633 1650 689 πολλοῦ
1694 651 1755 688 τε
1795 634 1989 705 χρόνον)

414 725 510 778 καὶ
554 725 809 795 μεγάλων
835 724 1119 796 δεήσονται
1180 726 1578 795 ἀναλωμάτων,
1634 726 1667 797 ἢ
1718 726 1770 779 εί
1818 725 1993 780 ταῦτα

409 815 644 887 δυσχερῆ
679 815 769 869 διὰ
801 815 903 886 τὴν
928 816 1140 873 ἔνδειαν
1177 818 1288 871 τῶν
1329 819 1652 890 χρημάτων,
1683 835 1998 890 παρασκευ-

412 909 717 978 ασαμένους
753 909 891 962 ίέναι
922 908 1012 962 ἐπ’
1054 912 1281 974 ἐκεῖνον,
1303 911 1381 974 ὡς
1416 914 1474 963 ἐν
1501 910 1677 983 ταύτῃ
1724 912 1789 981 τῇ
1845 911 1993 981 μάχῃ

413 1004 545 1070 περὶ
576 1000 688 1053 τῶν
721 1000 859 1053 ὅλων
891 1001 1384 1071 διαγωνισαμένους
1421 1003 1559 1071 πρὸς
1587 1001 1773 1056 αὐτόν.
1824 1001 1996 1054 Ἑιεί-

412 1109 504 1144 νον
534 1092 647 1162 γάρ
677 1092 878 1145 εἰδέναι
910 1093 1013 1145 οὐκ
1042 1094 1110 1146 ἂν
1140 1094 1591 1163 ἀποστησάμενον
1632 1095 1732 1163 τῆς
1796 1093 1998 1163 μάχης,

411 1181 531 1235 οὐδὲ
588 1182 968 1250 ὐπομενοῦντα
1043 1184 1244 1253 τειχῶν
1330 1184 1483 1246 ἐντὸς
1556 1183 1999 1255 πολιορκεῖσθαι,

372 1303 391 1318 ο
416 1271 520 1325 κᾶν
546 1272 712 1342 είδείη
746 1274 840 1325 καὶ
871 1272 1186 1341 σαφέστατα
1217 1272 1438 1345 ἐκείνην
1471 1272 1573 1344 τὴν
1628 1274 1840 1344 ἡμέραν
1897 1289 2002 1343 μα-

394 4427 399 4435 ε

388 4446 404 4488 i

413 1363 642 1433 χόμενος
673 1363 983 1429 πεσεῖσθαι,
1045 1363 1278 1435 μάλιστα
1332 1365 1802 1436 ἐπαγγειλάμενον
1865 1367 2003 1433 μετὰ

412 1453 608 1523 τρίτην
642 1454 857 1525 ἡμέραν
886 1456 979 1508 ἐπὶ
1010 1456 1071 1509 τὸ
1095 1455 1373 1529 ἡμέτερον
1417 1457 1572 1528 ἥξειν
1633 1457 2003 1527 στρατόπεδον

418 1546 781 1616 μαχούμενον.
812 1549 877 1600 Oi
912 1548 1011 1618 μὲν
1047 1547 1142 1603 οὖν
1191 1550 1342 1604 ἄλλοι
1372 1551 1570 1613 πάντες
1624 1549 2000 1620 συνεπεψηφί-

424 1637 599 1703 ζοντο,
636 1639 731 1692 καὶ
760 1639 873 1693 οὐδ’
900 1642 1055 1694 αὐτοί
1077 1658 1131 1694 τι
1158 1641 1364 1696 τούτων
1394 1642 1563 1713 χωρὶς
1585 1642 1850 1712 πράττειν
1873 1644 2005 1709 ἐφα-

422 1748 523 1785 σαν
555 1732 835 1801 προσῆκον
858 1727 1017 1787 εἶναι.
1066 1733 1159 1803 Τῷ
1187 1734 1408 1803 μεγάλῳ
1432 1735 1489 1788 δέ
1515 1734 1667 1787 δουκὶ
1720 1733 1756 1802 ἦ
1805 1749 1865 1785 τε
1900 1732 2004 1801 μά·-

416 1841 488 1893 χη
527 1823 734 1898 φοϐερὰ
758 1826 959 1889 ἐδόκει,
984 1825 1081 1879 καὶ
1108 1828 1171 1879 τδ
1201 1826 1500 1898 δωτρίὸειν
1532 1829 1591 1880 ἐν
1628 1825 2003 1897 Θεσσαλονίκῃ

416 2007 620 2078 πλῆθος
645 2009 745 2063 οὒκ
773 2010 1020 2077 ἀνεκτὸν,
1054 2012 1153 2065 καὶ
1196 2012 1260 2066 τδ
1309 2011 1476 2083 μηδὲν
1521 2012 1657 2075 ὅλως
1710 2010 2005 2073 δοκοῦντας

418 2095 569 2167 ἀξιον
630 2102 791 2170 λόγου
848 2104 1197 2177 πεπραχότας
1261 2105 1622 2177 ἀναστρέφειν
1688 2106 2004 2174 αἴσχιστον.

438 2192 723 2247 Ἔδούλετο
747 2192 804 2247 δὲ
837 2193 1073 2263 μάλιστα
1100 2196 1162 2249 τό
1196 2213 1254 2248 τε
1285 2193 1711 2249 διακινδυνεύειν
1735 2196 1876 2265 πρὸς
1906 2194 2005 2264 βα-

426 2282 580 2337 σιλέα
610 2286 1020 2355 παραιτεῖσθαι,
1052 2286 1149 2339 καὶ
1172 2287 1475 2356 πρόσχημά
1506 2302 1557 2339 τι
1587 2286 1833 2353 εὐδοξίας
1857 2286 2008 2356 ἐχονο

420 2392 492 2428 τα
538 2377 877 2431 ἐπανελθεῖν.
935 2378 1259 2450 Μονομάχος
1325 2378 1382 2431 δὲ
1435 2379 1533 2447 τῆς
1575 2377 1741 2432 αὐτοῦ
1771 2376 2008 2441 διανοίας

419 2468 977 2538 καταστοχασάμενος
1021 2469 1227 2535 καλῶς,
1261 2469 1429 2540 ἥρετο
1471 2470 1521 2523 εί
1566 2468 1664 2523 καὶ
1717 2469 1878 2533 αὐτὸς
1907 2469 2008 2521 αὐ-

419 2563 533 2623 τοῖς
567 2559 807 2632 βούλοιτο
837 2564 1076 2616 συνεῖναι
1103 2562 1197 2614 καί⁸
1230 2564 1583 2633 στρατηγεῖν,
1616 2561 1712 2616 τοῦ
1743 2562 1803 2615 δὲ
1848 2563 2009 2615 ἀπει-

421 2655 692 2723 παμένου,
721 2653 954 2719 Οὐκοῦν,
994 2654 1253 2723 ἔφασκεν,
1291 2656 1340 2707 εί
1372 2657 1469 2707 καὶ
1500 2655 1585 2708 σοὶ
1617 2654 1885 2718 συνδοκεῖ,
1910 2654 2010 2722 τὴν

424 2746 690 2817 στρατιάν
726 2744 865 2816 ἔχων
912 2745 1097 2811 αὐτὸς,
1154 2744 1490 2813 ἐλευσόμεθα
1534 2746 1665 2818 ἀχρι
1718 2745 2006 2817 Βερῤοίας,

425 2839 519 2891 καὶ
555 2839 694 2909 μήτε
744 2837 1352 2909 στρατοπεδευσάμενοι
1381 2837 1572 2906 ἐγγὺς,
1606 2837 1746 2907 μήτε
1776 2838 1887 2890 τῶν
1912 2838 2005 2890 i1:-

423 2946 541 2984 πων
567 2929 891 2994 ἀποϐάντες,
925 2929 1063 2984 ἀλλά
1118 2929 1316 3000 μικρὸν
1359 2928 1822 3000 ἐνδιατρίψαντες,
1852 2930 2008 2998 τάχιο

426 3036 529 3076 στα
558 3023 1007 3094 ἀναχωρήσομεν.
1040 3021 1196 3075 Οὕτω
1233 3023 1343 3094 γάρ
1392 3022 1496 3093 τήν
1526 3039 1585 3075 τε
1642 3022 1823 3093 μάχην
1870 3024 2008 3092 ἡμῖν

424 3114 694 3167 ἐκκλίνειν
740 3115 1025 3186 περιέσται
1049 3127 1065 3143 ⁶
1093 3114 1155 3168 οὐ
1182 3114 1302 3185 γὰρ
1342 3115 1569 3184 ἀρκέσει
1608 3130 1675 3183 γε
1736 3117 1765 3168 ὀ
1817 3114 2010 3185 χρόνος

425 3208 541 3269 τοῖς
574 3205 859 3276 πολεμίοις
908 3205 1495 3279 παρασκευασαμένοις
1542 3206 1779 3269 ἐπιέναι,
1805 3207 1905 3278 τήν
1945 3221 2006 3259 τε

428 3298 645 3363 ἀδοξίαν
709 3298 1113 3371 ἀποτρίϐεσθαι
1175 3300 1289 3361 τοῖς
1352 3297 1633 3369 πολεμίοις
1697 3297 2009 3364 ἐπελθοῦσι,

425 3392 523 3445 καὶ
558 3391 815 3462 ποιήσασι
839 3392 1137 3462 τειχήρεις.
1173 3390 1333 3446 Οὕτω
1367 3390 1467 3461 μέν
1497 3389 1591 3445 οὖν
1612 3391 1642 3444 ὁ
1686 3390 2012 3461 Μονομάχος

427 3480 609 3538 εἷπενσ
645 3483 845 3556 ἀρίστη
880 3484 936 3537 δὲ
972 3483 1050 3553 τῷ
1087 3482 1309 3553 μεγάλῳ
1338 3482 1492 3538 δουκὶ
1536 3483 1794 3555 ἐφαίνετο
1816 3483 2014 3554 ἡγνώο

434 3592 532 3645 μη,
570 3575 667 3630 καὶ
720 3575 1091 3647 ἐπεψηφίζετο
1147 3576 1369 3641 αὐτίκα,
1406 3577 1504 3630 καὶ
1553 3577 1947 3648 ἐχειροτονεῖτο
1984 3576 2014 3629 ὁ

428 3668 754 3739 Μονομάχος
791 3667 885 3720 ἐπὶ
918 3668 1055 3722 πᾶσι
1082 3669 1410 3740 στρατηγός.
1452 3669 1551 3731 ⁸ος
1605 3667 1708 3738 τήν
1731 3684 1792 3720 τε
1840 3667 2013 3737 πεζὴν

428 3759 551 3829 ἅμα
592 3760 685 3813 καὶ
714 3760 814 3830 τὴν
850 3759 1080 3831 ἱππικὴν
1125 3760 1413 3829 Ῥωμαίων
1444 3758 1585 3830 ἔχων
1634 3759 1889 3830 δύναμιν,
1916 3760 2011 3828 ἐγ-

430 3851 533 3918 γὺς
566 3849 766 3920 τειχῶν
796 3850 1017 3919 ἐγένετο
1044 3851 1331 3923 Βερῤοίας,
1390 3851 1517 3905 ὅσον
1540 3850 1619 3923 μὴ
1641 3850 1752 3906 ἀπὸ
1778 3850 1876 3906 τοῦ
1901 3850 2014 3905 τεί-

430 3958 560 4011 χους
596 3940 925 4012 βάλλεσθαι·
966 3941 1027 3995 τὸ
1084 3942 1358 4011 Περσικὸν
1408 3942 1467 3996 δὲ
1513 3942 1867 3997 διεσκέδαστο
1919 3943 2015 3996 ἐπὶ

430 4031 762 4101 λεηλασίαν⁶
795 4032 891 4086 καὶ
918 4034 974 4085 ἐν
1003 4020 1190 4103 ἡμέρα
1241 4033 1342 4103 μιᾷ
1398 4032 1499 4103 τὴν
1564 4034 1692 4103 περὶ
1752 4032 2015 4105 Βέρροιαν

432 4125 653 4179 ἃπασαν
688 4123 887 4193 ἐπῆλθε
933 4124 1057 4193 γῆν,
1117 4123 1231 4187 καὶ,
1266 4124 1336 4177 τά
1397 4124 1635 4192 μέγιστα
1691 4124 2011 4178 ἐκάκωσεν*

432 4217 752 4286 ἀνθρώπους
785 4234 845 4270 τε
875 4216 986 4289 γὰρ
1038 4216 1503 4288 ἠνδραποδίσαντο
1546 4218 1642 4271 καὶ
1687 4216 2016 4270 ἀπέκτειναν

435 4309 686 4376 πολλοὺς,
714 4310 808 4364 καὶ
833 4309 1200 4381 βοσκημάτων
1246 4309 1457 4381 ἠλασαν
1505 4308 1733 4377 ἀγέλας,
1784 4309 1881 4362 καὶ
1933 4310 2016 4361 οἱ·

436 4400 563 4463 κεας
586 4400 900 4470 ἐνέπρησαν
923 4399 1025 4463 τὰς
1052 4400 1145 4453 ἐπὶ
1168 4400 1268 4462 τάς
1313 4399 1529 4469 κώμας,
1557 4400 1650 4453 καὶ
1691 4399 1802 4454 τῶν
1836 4399 2014 4454 ἄλλων

391 4510 408 4577 ι
435 4495 535 4546 ὅσα
568 4494 839 4563 προσήκει
862 4492 1182 4563 πολεμίους,
1209 4490 1424 4555 οὐδενὸς
1466 4491 1729 4560 ἠμέλουν.
1750 4490 2015 4555 Βασιλεὺς

1594 421 2142 485 HISTORIARUM
2183 420 2417 483 LIBER
2460 421 2577 481 Ili.

3538 413 3679 480 1070

2101 639 2155 684 et
2215 629 2496 684 immodici
2553 638 2808 692 sumptus
2866 644 2955 683 res
3005 627 3191 683 futura
3242 627 3334 691 sit,
3368 627 3450 681 vel
3502 628 3547 681 si
3581 627 3689 681 hoc

2099 721 2324 777 difficile
2354 721 2628 785 videatur,
2661 738 2788 777 cum
2829 721 3083 791 pecuniis
3136 722 3240 792 ipsi
3288 721 3683 785 destituantur,

2107 827 2228 870 sese
2258 812 2313 867 in
2352 829 2481 869 eum
2534 823 2882 884 comparent,
2918 823 2974 869 et
3006 830 3117 869 uno
3156 813 3346 884 praelia
3377 812 3445 868 de
3474 828 3687 868 summa

2103 908 2320 978 imperii
2368 922 2495 963 cum
2546 922 2615 962 eo
2664 906 2955 961 dimicent.
2984 907 3159 961 Nosse
3206 906 3351 960 enim
3405 922 3483 968 se,
3536 904 3687 958 illum

2110 1015 2347 1070 pugnam
2374 1015 2485 1053 non
2516 997 3041 1069 subterfugiturum,
3079 1014 3259 1067 neque
3292 1013 3351 1051 se
3384 997 3529 1050 intra
3567 1013 3691 1049 mu—

2104 1106 2197 1145 rns
2255 1090 2495 1146 obsideri
2521 1104 2835 1161 passurum,
2858 1091 3077 1145 etiamsi
3118 1090 3209 1144 illo
3241 1090 3360 1159 ipso
3395 1088 3486 1142 die
3509 1103 3567 1142 se
3599 1103 3692 1141 οι-

2106 1198 2296 1237 surum
2320 1181 2765 1252 exploratissime
2787 1182 2951 1246 sciat,
2981 1183 3214 1235 maxime
3244 1197 3369 1234 cum
3402 1188 3526 1248 post
3548 1180 3690 1234 diem

2107 1275 2331 1329 tertium
2359 1275 2424 1327 ad
2468 1289 2660 1329 eorum
2709 1258 3217 1329 castraventnrum
3275 1274 3687 1327 conﬂicturum.

2106 1382 2215 1435 que
2239 1366 2577 1436 promiserit.
2610 1366 2711 1421 ilic
2737 1367 2825 1421 alii
2858 1382 3053 1423 onmes
3081 1368 3342 1424 assentiri
3403 1376 3461 1421 et
3488 1369 3692 1420 i-onlir-

2109 1474 2295 1522 mare,
2355 1457 2518 1513 aliter
2573 1459 2874 1529 quidquam
2927 1460 3014 1529 agi
3075 1459 3303 1514 minime
3366 1459 3691 1513 convenire.

2116 1549 2312 1620 Magno
2355 1560 2546 1607 autem
2581 1551 2709 1606 duci
2746 1559 2803 1604 ct
2832 1552 3004 1607 armis
3035 1567 3372 1608 concurrere
3402 1552 3694 1617 horribile,

2105 1653 2162 1697 et
2185 1643 2590 1699 Thessalonica:
2621 1644 2717 1698 diu
2756 1643 2989 1708 interere,
3022 1645 3237 1713 magnis
3270 1660 3335 1698 ac
3364 1632 3696 1698 necessariis

2108 1734 2385 1789 defectum
2409 1736 2730 1807 sumptibus
2746 1736 3119 1802 intolerabile,
3141 1744 3197 1790 et
3224 1736 3370 1790 nulla
3385 1750 3454 1790 ore
3475 1738 3696 1803 penitus

2110 1828 2346 1899 alicujus
2390 1829 2652 1884 momenti
2686 1838 3003 1899 perpetrata
3037 1829 3262 1891 reverti,
3298 1827 3538 1883 infamia:
3583 1828 3697 1896 ple-

369 1914 376 1923 ’
428 1918 620 1986 χρόνον
679 1917 852 1971 πολὺν
900 1919 992 1973 διά
1029 1920 1089 1973 τὸ
1132 1920 1241 1973 τῶν
1279 1919 1675 1989 ἀναλωμάτων,
1718 1915 1795 1973 ὧν
1834 1918 2004 1972 ἐδεῖτο

2115 1934 2243 1971 num
2306 1918 2613 1976 videbatur.
2674 1921 2867 1975 Potius
2934 1930 3118 1975 tamen
3172 1919 3565 1975 declinandum
3626 1931 3696 1972 ex

2113 2010 2376 2065 conﬂictu
2406 2012 2716 2081 periculum
2741 2052 2757 2078 ,
2790 2019 2850 2067 et
2886 2027 3011 2065 cum
3043 2011 3273 2066 obtentu
3306 2011 3542 2081 quodam
3573 2010 3694 2080 glo-

2114 2104 2208 2158 riae
2242 2104 2635 2159 revertendum
2689 2104 3091 2160 constituebat.
3136 2104 3534 2158 Monomacbus
3573 2105 3696 2174 ejus

2109 2194 2477 2264 cogitationes
2498 2196 2816 2265 conjectura
2836 2195 2977 2249 bene
3000 2205 3309 2258 assecutus,
3344 2194 3541 2263 ecquid
3562 2194 3697 2263 ipsis

2110 2285 2304 2341 adesse
2349 2296 2406 2340 et
2449 2302 2654 2341 munus
2707 2286 2872 2342 ducis
2908 2286 3075 2356 {ungi
3156 2287 3345 2348 vellet.
3372 2296 3698 2359 percuncta-

2113 2380 2295 2432 batur.
2331 2377 2455 2444 Quo
2480 2379 2783 2445 abnuente,
2814 2379 2987 2451 igitur
3030 2380 3075 2434 si
3106 2379 3326 2449 probas,
3351 2377 3550 2447 inquit,
3590 2392 3691 2447 ego

2108 2472 2414 2527 exercitum
2444 2472 2641 2526 ducam
2667 2512 2683 2538 ,
2731 2482 2791 2527 et
2837 2472 2928 2527 ubi
2958 2472 3277 2527 Berrlunam
3325 2475 3646 2526 venerimus
3670 2509 3689 2535 ,

2112 2576 2290 2630 neque
2325 2563 2556 2633 propius
2586 2571 2767 2617 castra
2818 2563 3157 2629 locabimus,
3200 2579 3382 2632 neque
3418 2562 3487 2617 ab
3537 2561 3698 2632 equis

2111 2653 2535 2718 descendemus,
2584 2654 2682 2709 sed
2731 2656 2958 2725 paulum
3006 2655 3208 2711 ibidem
3242 2656 3465 2721 morati,
3511 2655 3696 2709 statim

2112 2746 2436 2801 recedemus
2470 2762 2485 2799 :
2514 2746 2595 2801 sic
2620 2749 2770 2802 enim
2801 2747 3025 2801 dabitur
3056 2747 3216 2802 nobis
3248 2746 3502 2816 praelium
3520 2745 3698 2801 decli-

2114 2850 2245 2890 nare
2277 2836 2409 2906 (non
2444 2836 2593 2891 enim
2636 2846 2857 2907 tempus
2890 2838 3035 2891 hosti
3087 2836 3157 2891 ad
3184 2853 3250 2893 se
3313 2837 3699 2892 instruendum

2112 2942 2324 2997 nosque
2378 2928 2723 2984 invadendos
2765 2928 3031 2999 suiliciet)
3059 2940 3118 2985 et
3162 2930 3475 3001 ignominiaa
3519 2930 3700 2985 labem

2113 3019 2402 3088 repellere,
2434 3028 2634 3089 utpote
2668 3020 2762 3089 qui
2817 3020 2886 3075 ad
2937 3020 3129 3076 hostes
3183 3022 3607 3085 accesserimus,
3644 3029 3704 3077 et

2114 3106 2259 3165 intra
2300 3124 2488 3163 muros
2522 3124 2581 3164 se
2620 3118 2805 3165 tenere
2825 3112 3188 3182 coegerimus.
3220 3112 3487 3183 δοθεὶς
3516 3112 3705 3167 Mono-

2117 3200 2364 3265 macbus,
2384 3203 2542 3274 cujus
2559 3204 2833 3258 sententia
2852 3203 3158 3260 delectatus
3174 3220 3405 3276 magnus
3427 3204 3556 3263 dux.
3579 3220 3699 3260 eam

2126 3293 2384 3362 protinus
2405 3296 2748 3365 approbavit,
2764 3306 2821 3351 et
2845 3296 3158 3353 declaratus
3171 3308 3255 3354 est
3281 3298 3398 3370 ipse
3414 3290 3700 3369 copiarum

2114 3378 2432 3449 imperator,
2469 3382 2895 3456 Rerrbtteamque
2913 3402 3038 3442 cum
3053 3389 3300 3458 peditatu
3326 3390 3491 3446 simul
3543 3392 3701 3461 equi-

2119 3481 2351 3544 tatuque
2380 3475 2627 3533 Remano
2653 3477 2905 3545 tendens,
2933 3494 3002 3535 eo
3022 3494 3198 3550 usque
3214 3483 3697 3554 appropinquavit,

2116 3576 2176 3620 ut
2204 3575 2357 3621 extra
2385 3566 2478 3623 teli
2512 3569 2720 3640 jactum
2751 3580 2921 3628 esset.
2960 3571 3142 3628 Persa:
3170 3575 3434 3630 continuo
3462 3578 3528 3630 ad
3559 3592 3703 3646 pra:-

2114 3660 2238 3714 dam
2271 3664 2550 3728 conversi,
2592 3678 2703 3718 uno
2737 3664 2827 3720 die
2863 3673 3040 3722 totum
3089 3684 3280 3739 agrum
3315 3672 3527 3728 circum
3570 3675 3703 3730 Ber-

2119 3758 2329 3807 rbmam
2364 3755 2761 3811 maximiscum
2788 3757 3137 3815 detrimentis
3155 3761 3530 3820 devastarunt.
3562 3768 3700 3823 Nam

2115 3854 2173 3899 et
2206 3844 2396 3899 multis
2428 3844 2715 3915 jugulatis,
2747 3863 2974 3920 magnos
3010 3852 3359 3922 captivorum
3390 3860 3700 3926 pecudum-

2116 3953 2224 4007 que
2246 3953 2439 4008 greges
2465 3938 2791 4010 abegerunt,
2815 3952 2869 3996 et
2885 3941 3098 3997 aedibus
3116 3950 3354 4017 pagatim
3379 3951 3699 4006 incendium

2118 4030 2446 4094 intulerunt,
2472 4030 2811 4101 reliquorum
2832 4034 3069 4104 denique
3088 4037 3353 4104 omnium,
3375 4056 3496 4110 qua:
3515 4042 3701 4100 liestcs
3812 4063 3823 4069 ’

2118 4121 2316 4186 solent,
2358 4121 2499 4177 nihil
2534 4124 2919 4192 neglexerunt.
2976 4125 3285 4197 imperator
3339 4130 3598 4188 Berrlima
3633 4136 3699 4190 ad

2119 4214 2537 4270 Monomachum
2592 4225 2650 4271 et
2685 4217 2856 4273 duces
2910 4218 3078 4274 misso
3130 4220 3356 4293 legato,
3410 4226 3701 4281 stultitiam

2120 4305 2229 4360 illis
2254 4305 2636 4376 exprobravit,
2665 4308 2810 4377 quod
2833 4325 2959 4364 cum
2983 4321 3194 4368 tantum
3222 4330 3252 4369 e
3280 4304 3544 4373 Romanis
3568 4320 3703 4375 solis

2120 4397 2390 4453 baberent
2421 4400 2745 4466 exercitum,
2788 4403 2995 4473 quique
3049 4421 3149 4475 per
3198 4423 3259 4463 se
3305 4410 3443 4479 ipsis
3495 4414 3701 4482 opponi

2120 4502 2327 4560 posset.
2360 4492 2518 4562 quasi
2554 4508 2621 4548 eo
2648 4493 2793 4550 haud
2822 4496 3155 4565 sufﬁciente,
3197 4500 3363 4555 etiam
3407 4503 3698 4570 Barbaros,

394 4582 493 4666 ’,δὲ
532 4584 594 4634 ὲκ
622 4583 889 4655 Βερῤοίας
918 4583 1055 4653 πρὸς
1107 4583 1431 4654 Μονομάχον
1475 4580 1697 4653 πέμψας
1749 4582 2010 4654 πρεσϐευ-

2122 4582 2190 4636 ad
2212 4588 2539 4639 atrociorem
2564 4584 2832 4641 Romanis
2857 4589 3022 4643 rebus
3048 4590 3260 4645 cladem
3285 4594 3701 4666 injungendam,
3748 4630 3751 4633 -

394 4664 556 4759 ξτὴν,
594 4676 798 4746 πολλὴν
869 4675 1049 4729 αὐτῶν
1096 4672 1491 4744 ἀγνωμοσύνην
1543 4673 1863 4745 κατηγόρει,
1931 4674 2010 4727 ὅτι

2115 4675 2217 4729 sibi
2243 4674 2780 4732 adduxisseutJllud
2814 4690 2998 4734 tamen
3024 4682 3294 4751 viderent,
3330 4664 3397 4740 ne
3430 4664 3489 4742 se
3514 4703 3704 4759 postea

404 4821 415 4835 ,
441 4769 706 4837 τοσαύτην
737 4768 963 4835 ἀγοντες
1006 4765 1295 4835 Ῥωμαίων
1322 4765 1585 4836 στρατιάν
1616 4766 1713 4817 καὶ
1737 4763 1865 4819 καθ’
1888 4766 2015 4817 ἐαυ-

435 4861 535 4931 τὴν
590 4860 899 4930 δυναμένην
955 4857 1369 4911 ἀντιτάττεσθαι
1423 4855 1667 4925 αὐτῷ,οἱ
1704 4855 1749 4908 δ’
1827 4854 2015 4928 ὥσπερ

437 4955 539 5007 οὐκ
574 4954 789 5015 ἐκείνης
823 4950 1165 5023 ἐξαρκούσης
1220 4949 1355 5021 πρὸς
1378 4949 1471 5003 τὸν
1519 4948 1776 5018 πόλεμον,
1807 4950 2015 5018 ἐπήγα-

441 5062 536 5113 γον
561 5042 712 5111 αὑτῷ
735 5043 829 5096 καὶ
873 5042 1000 5104 τοὺς
1049 5042 1380 5113 βαρϐάρους,
1413 5040 1501 5096 ἵνα
1532 5040 1731 5112 μᾶλλον
1782 5039 1853 5093 τά
1886 5041 2016 5094 Ῥω·

441 5139 617 5206 μαίων
680 5136 1093 5205 διαφθείρωσιν.
1142 5136 1350 5189 Ἐκεῖνο
1381 5136 1569 5206 μέντοι
1615 5135 1722 5206 χρὴ
1774 5136 2016 5199 σκοπεῖν,

438 5232 584 5292 ὃπως
616 5226 889 5299 μηδεμίαν
922 5226 1072 5296 αὗτῷ
1117 5225 1331 5297 μέμψιν
1362 5225 1591 5297 ὕστερον
1617 5226 1918 5294 ἐπάγωσιν,
1952 5225 2020 5279 ἂν

441 5324 552 5383 τοῖς
576 5318 708 5392 παρ’
740 5309 921 5372 αὐτῶν
960 5319 1261 5390 ὴργμένοιε
1299 5318 1449 5383 τέλος
1488 5318 1803 5390 ἐπιθήσειεν
1838 5318 2019 5382 αὐτός.

461 5411 841 5480 Επηγγέλλετό
862 5428 919 5464 τε
940 5412 1455 5481 παρεσκευασμένος
1483 5408 1621 5465 εἶναι
1638 5412 1773 5481 πρὸς
1800 5409 1898 5478 τὴν
1921 5410 2025 5479 μά-

440 5522 542 5575 χην
569 5503 634 5576 ἢν
669 5505 827 5573 μόνον
856 5504 891 5572 ἡ
920 5502 1228 5573 προθεσμία
1282 5504 1425 5574 ἥξει.
1489 5504 1549 5556 Ὀ
1577 5504 1623 5555 δ’
1667 5503 2023 5573 ἀπεκρίνατο,

441 5597 573 5665 παρ’
606 5596 755 5665 αὐτῷ
794 5592 935 5648 εἶναι
962 5597 1227 5666 πράττειν
1252 5596 1352 5648 ὅσα
1404 5598 1472 5649 ἂν
1520 5596 1651 5667 δοκῇ
1706 5595 2025 5660 λυσιτελεῖν,

440 5688 627 5757 ὥσπερ
660 5687 795 5757 δῆτα
818 5690 913 5740 καὶ
936 5689 1090 5741 αὐτοὶ
1136 5687 1382 5741 ποιοῦσιν
1400 5704 1415 5720 ⁸
1441 5688 1567 5759 ἀχρι
1592 5690 1650 5741 δέ
1698 5689 1868 5759 μέσης
1893 5686 2030 5758 ἡμέ-

447 5797 546 5851 ρας
574 5782 694 5845 ὲκεῖ
722 5780 1071 5847 περιμείνας,
1127 5781 1413 5848 ἱστάμενος
1472 5782 1578 5852 πρὸ
1640 5784 1747 5834 τῶν
1806 5780 2027 5851 τειχῶν,

441 5872 545 5924 ἀνα
558 5870 789 5942 στρέψας
819 5870 1054 5940 ἡλαυνεν
1082 5870 1261 5924 ὀπίσω
1291 5872 1388 5941 τῆς
1419 5872 1631 5944 ἡμέρας
1682 5876 1743 5927 τὸ
1792 5873 1981 5927 λοιπόν
2009 5888 2031 5904 '

2116 4766 2567 4830 criminarentur,
2606 4769 2651 4822 si
2683 4769 2800 4839 ipse
2828 4771 2896 4824 ab
2928 4772 3037 4826 illis
3071 4773 3329 4831 inchoata
3374 4778 3698 4846 absolverit,
3750 4832 3755 4839 .

2119 4858 2595 4928 promittebatque
2652 4861 2720 4912 ad
2778 4870 3058 4918 certamen
3085 4878 3337 4933 paratum
3387 4868 3525 4935 fore,
3575 4890 3703 4928 cum

2119 4950 2356 5019 primum
2385 4950 2502 5005 dies
2530 4954 2834 5021 praestituta
2867 4954 3152 5010 adfuisset.
3184 4959 3482 5027 Respondit
3512 4964 3705 5021 Mono-

2124 5044 2371 5107 nzacbus,
2406 5043 2462 5098 in
2495 5042 2613 5114 ejus
2645 5044 2918 5100 arbitratu
2960 5049 3127 5102 situm
3179 5066 3324 5117 esse,
3370 5053 3551 5110 facere
3576 5076 3700 5129 quae

2122 5133 2227 5189 sibi
2273 5133 2582 5189 conducere
2632 5145 2807 5204 putet,
2834 5137 3114 5206 quomodo
3163 5140 3426 5197 nimirum
3480 5156 3535 5200 et
3595 5150 3697 5219 ipsi

2123 5228 2345 5284 iaciant.
2388 5228 2561 5284 Porro
2602 5243 2728 5283 cum
2784 5230 2897 5286 illic
2931 5246 3106 5302 usque
3154 5233 3209 5287 in
3243 5238 3532 5295 meridiem
3574 5254 3702 5300 ante

2125 5336 2313 5376 muros
2360 5322 2775 5386 constitissent,
2829 5323 3100 5393 reliquum
3156 5327 3267 5383 diei
3313 5330 3367 5384 in
3415 5334 3702 5392 redeundo

2127 5423 2451 5485 posuerunt,
2477 5425 2531 5470 et
2564 5425 2723 5470 nocte
2747 5417 2836 5471 illa
2857 5424 3209 5486 quieverunt.
3231 5424 3393 5480 simul
3431 5427 3701 5488 Barbarus

2129 5524 2157 5561 a
2217 5510 2574 5580 populatione
2625 5510 2906 5567 redituros
2963 5519 3366 5582 praestolantes.
3424 5522 3701 5583 Poszridie

2129 5602 2413 5655 castellum
2443 5602 2596 5672 juxta
2624 5601 2865 5672 Pydnam
2886 5642 2903 5666 ,
2932 5605 3022 5659 cui
3058 5604 3359 5677 imperator
3383 5615 3700 5683 praesidium

2132 5692 2489 5761 imposuerat.
2520 5709 2696 5759 primo
2720 5694 2927 5764 impetu
2956 5698 3203 5768 capiunt,
3238 5701 3289 5755 in
3314 5720 3424 5772 quo
3450 5718 3702 5776 repertus

2130 5793 2214 5836 est
2252 5783 2418 5836 etiam
2454 5782 2780 5838 Theodorus
2812 5787 3221 5855 Pepagmnenus
3250 5808 3280 5847 e
3311 5797 3574 5850 ministris
3602 5803 3704 5851 im-

2136 5875 2425 5945 peratoris,
2448 5892 2609 5947 quem
2630 5877 2783 5949 jussu
2807 5883 2985 5952 magni
3010 5883 3167 5939 ducis
3185 5887 3432 5941 vestibus
3449 5902 3695 5959 exutum,
