3962 6564
231 427 364 495 1081

1354 452 1914 521 HISTORIARUM
1961 460 2193 523 LIBER
2242 463 2367 524 Ili.

3353 457 3493 527 1082

226 539 433 645 ἐκάκου
467 551 566 645 την
589 558 936 645 χωραν,-δσα
982 559 1140 623 εἰκδς-
1160 561 1476 634 βαρϐάρους
1502 566 1602 620 καὶ
1649 568 1802 621 πολε·

1909 575 2026 632 rius
2090 582 2152 629 ut
2212 574 2603 645 imperatorem
2676 573 3120 645 apprOplnquare
3191 575 3484 643 cognovit,

228 634 411 728 μίους,
454 640 549 692 καὶ
591 641 690 696 δύο
719 643 916 715 κώμας
972 652 1390 722 τετειχισμένας
1419 657 1515 710 καὶ
1559 657 1809 728 πύργους

223 724 460 796 ἐχούσας
491 730 846 803 διεπόρθησε,
880 737 989 792 τῶν
1017 739 1258 809 ἐχόντων
1304 742 1513 807 ταύτας
1542 724 1810 816 γεωργῶν

222 816 333 872 ὑπὸ
363 821 513 886 δέους
550 827 1024 895 παραδεδωκότων
1054 835 1199 902 σφᾶς
1239 833 1440 898 αὐτοὺς
1467 837 1561 890 καὶ
1611 837 1813 907 ἀνδρα-

227 911 613 969 ποδισθέντων.
659 916 870 990 ’Δμοὺρ
897 921 954 975 δὲ
990 923 1118 976 ἐπεὶ
1147 924 1386 979 ἐπύθετο
1431 929 1603 995 ἐγγὺς
1662 924 1807 986 εἶναι

224 999 476 1070 βασιλέα,
511 1005 672 1070 αὐτὸς
703 1008 806 1077 μὲν
828 1011 1067 1077 ἔφιππος
1103 1016 1246 1084 μετά
1278 1017 1481 1085 ὀλίγων
1518 1020 1630 1074 τῶν
1669 1021 1806 1093 ἀρί-

221 1107 370 1146 στων
417 1095 498 1166 (οὐ
532 1097 639 1167 γάρ
679 1099 947 1172 εὐπόρουν
977 1104 1206 1176 ἵππων),
1239 1109 1392 1164 πᾶσα
1419 1108 1477 1163 δὲ
1512 1111 1544 1181 ή
1577 1113 1808 1182 στρατιά

220 1188 366 1256 πεζῇ
388 1187 670 1256 ἑπόμενοι,
698 1193 780 1255 εἰς
809 1194 1116 1264 ὑπάντησιν
1139 1198 1408 1268 βασιλέως
1430 1201 1626 1273 ᾔεσαν.
1651 1203 1807 1260 Ἐπεὶ

218 1274 286 1327 δὲ
316 1273 452 1346 ἦσαν
482 1279 582 1351 ἤδη
613 1282 672 1334 ού
704 1285 928 1356 μακρὰν
961 1287 1234 1358 ἀλλήλων,
1263 1291 1361 1344 τοῦ
1389 1292 1560 1348 ἵππου
1589 1285 1808 1360 ἀποϐὰς

219 1367 254 1420 ὁ
297 1367 520 1442 Ἀμοὺρ,
574 1375 902 1442 προσεκύνει
949 1395 1011 1432 τε
1041 1380 1132 1436 τὸν
1177 1381 1426 1450 βασιλέα,
1459 1387 1552 1440 καὶ
1584 1383 1803 1452 ἐϐάδιζε

221 1459 364 1530 πρὸς
392 1460 558 1516 αὐτὸν
605 1463 794 1530 πεζός.
860 1466 1086 1537 Πέμψας
1113 1470 1173 1525 δὲ
1217 1472 1245 1526 ό
1274 1471 1552 1542 βασιλεὺς,
1582 1475 1802 1530 ἐκέλευε

216 1553 322 1605 τοῦ
353 1553 520 1608 ἵππου
561 1554 888 1621 ἐπιϐαίνειν,
922 1559 1019 1613 καὶ
1058 1561 1307 1616 ἐπείθετο
1333 1563 1505 1618 πολλὰ
1531 1563 1802 1636 πρότερον

221 1641 356 1711 περὶ
388 1643 478 1695 τοῦ
514 1645 680 1712 πεζὸς
737 1646 914 1701 ἐλθεῖν
961 1651 1371 1723 φιλονεικήσας.
1408 1642 1802 1726 Προσαγορεύ-

221 1748 420 1798 σαντες
468 1733 525 1787 δέ
577 1735 864 1806 ἀλλήλους,
909 1739 1081 1810 ἦεσαν
1139 1743 1224 1806 εἰς
1264 1743 1364 1806 τὰς
1416 1744 1646 1814 σκηνὰς,
1703 1746 1800 1800 ttat

217 1819 791 1890 ἐστρατοπεδεύσαντο
813 1827 874 1880 οὐ
906 1829 1042 1882 πολὺ
1073 1829 1292 1886 ἄπωθεν
1313 1832 1716 1906 Θεσσαλονίκης
1738 1837 1798 1890 ἐν

217 1910 366 1964 ἑπτὰ
413 1913 666 1984 ἡμέραις.
711 1918 1015 1988 Πρεσϐείαν
1066 1921 1126 1976 δέ
1191 1923 1401 1997 ’Δμοὺρ
1426 1925 1560 1998 πρὸς
1584 1929 1712 1992 τοὺς
1743 1929 1802 1983 ἐν
1832 1907 1874 1964 Β

217 2001 590 2076 Θεσσαλονίκῃ
623 2003 1035 2080 πεποιημένου,
1073 2014 1170 2068 καὶ
1196 2015 1596 2087 παραινοῦντος
1631 2035 1806 2089 προσ·
1845 2018 1853 2022 ’

219 2100 424 2164 χωρεῖν
455 2097 682 2160 ἑκόντας
720 2103 956 2171 βασιλεῖ,
987 2107 1082 2160 καὶ
1105 2107 1204 2174 τὴν
1238 2107 1396 2164 πόλιν
1421 2110 1803 2182 παραδιδόναι,

213 2189 351 2252 τούς
381 2208 439 2243 τε
472 2193 850 2261 αἰχμαλώτους
885 2196 1186 2253 ἀπολύσειν
1212 2201 1423 2265 αὐτοῖς,
1453 2204 1504 2256 εἰ
1533 2201 1829 2256 πείθοιντο

215 2282 720 2354 ἐπαγγελλομένου,
761 2287 1136 2357 ἀπεκρίναντο
1162 2291 1319 2355 οὐδὲν
1365 2293 1632 2356 ἐπιεικές.
1687 2295 1806 2346 Δείρ-

218 2388 414 2437 σιντες
447 2373 505 2426 δέ
527 2374 574 2426 οἰ
611 2375 870 2445 Ζηλωταὶ
899 2377 977 2450 μὴ
1011 2381 1060 2432 οἰ
1089 2379 1156 2433 τά
1185 2380 1450 2450 βασιλέως
1494 2383 1641 2436 ἔνδον
1663 2386 1802 2455 ᾑρη-

219 2463 397 2532 μένοι,
451 2465 648 2535 καιροῦ
680 2466 974 2538 λαϐόμενοι
1031 2472 1366 2542 ἐπιτηδείου,
1395 2477 1489 2527 καὶ
1510 2474 1602 2530 τὸν
1629 2474 1804 2544 δῆμον

214 2555 618 2618 ἀναπείσαντες
677 2558 1129 2631 Δτεθορυϐημένον
1180 2563 1287 2616 ύπδ
1317 2565 1428 2616 τῶν
1488 2565 1800 2635 βαρϐάρων,

215 2642 394 2705 ἄλλως
451 2663 510 2698 τε
559 2647 655 2699 καὶ
685 2649 988 2704 ἐλπίσαντα
1046 2654 1176 2715 τοὺς
1203 2653 1587 2722 αἰχμαλώτους
1620 2654 1803 2718 αὐτοῖς

213 2740 661 2809 ἀπολυθήσεσθαι
711 2743 1011 2799 ἐπίθωνται
1043 2747 1142 2800 καὶ
1195 2749 1545 2818 κρατήσωσιν
1595 2749 1798 2813 αὐτῶν,

215 2831 462 2899 ἔγνωσαν
492 2835 585 2886 ἐπὶ
604 2835 864 2905 ὡμότητα
888 2837 987 2892 καὶ
1007 2839 1206 2908 φόνους
1229 2842 1455 2910 χωρεῖν,
1493 2841 1582 2895 ἵνα
1610 2841 1677 2894 δι’
1701 2843 1804 2899 αὗ-

212 2923 329 2976 τῶν
357 2925 450 2976 καὶ
473 2926 600 2989 τοὺς
633 2926 831 2990 ἀλλους
859 2929 1158 2998 ἐκφοϐὦσι.
1190 2931 1302 2984 Καὶ
1341 2931 1710 3000 Παλαιολόγον
1741 2934 1804 2988 τὲ

211 3031 342 3068 τινα
369 3017 432 3069 ἐκ
481 3017 594 3069 τῶν
635 3016 895 3088 ἀρίστων,
926 3020 1064 3073 οίκοι
1098 3019 1432 3090 σχολάζοντα
1459 3022 1548 3077 διὰ
1578 3024 1640 3077 τὸ
1663 3025 1800 3078 ὁπο-

215 3107 538 3171 πτεύεσθαι,
575 3109 852 3180 μηδεμίαν
874 3111 1056 3164 αἰτίαν
1078 3110 1176 3165 τοῦ
1205 3113 1502 3168 ἀποθανεῖν
1522 3131 1801 3186 παρεσχη-

219 3198 406 3305 μένον,
440 3199 859 3305 ἐξαρπασαντες
889 3202 1215 3305 ἀπέσφαξαν
1250 3206 1346 3260 ἐπὶ
1399 3207 1498 3277 τῆς
1529 3207 1800 3277 δημοσίας
1828 3248 1871 3305 c

213 3289 448 3358 ἀγορᾶς,
480 3294 576 3346 καὶ
611 3293 708 3363 τὴν
743 3293 991 3364 κεφαλὴν
1049 3298 1442 3368 ἀποτεμόντες,
1482 3299 1678 3354 ἔπειτα
1708 3304 1802 3354 καὶ

213 3383 283 3434 τὺ
335 3383 490 3452 σῶμα
545 3385 814 3450 διελόντες
875 3387 1140 3459 τετραχῆ,
1177 3391 1246 3442 τὰ
1295 3389 1395 3460 μὲν
1449 3393 1716 3462 τμήματα
1745 3395 1802 3445 ἐν

214 3475 342 3536 ταῖς
366 3475 575 3538 πόλεως
610 3475 803 3546 πύλαις
831 3477 1180 3550 ἀπῃώρησαν
1211 3481 1418 3553 ἑκάστῃ
1445 3483 1643 3554 τμῆμα
1665 3502 1678 3516 ·
1702 3488 1802 3554 τὴν

223 3563 470 3634 κεφαλὴν
499 3565 553 3617 δέ
583 3565 774 3636 δόρατι
805 3568 1108 3636 ἐνθέμενοι,
1142 3571 1236 3622 καὶ
1263 3572 1332 3626 τὰ
1360 3572 1572 3640 ἔγκατα
1604 3575 1798 3644 σύρον-

214 3672 313 3718 τες
348 3655 589 3725 ἀνηλεῶς
615 3658 914 3730 περιῄεσαν
942 3659 1041 3728 τὴν
1073 3660 1252 3716 πόλιν.
1307 3663 1562 3720 Γαϐαλᾶν
1589 3666 1648 3719 δέ
1680 3685 1802 3720 τινα

214 3748 284 3802 ἐκ
319 3747 429 3802 τῶν
458 3751 640 3821 μέσων
668 3752 934 3821 πολιτῶν,
957 3757 1027 3808 τὰ
1054 3751 1172 3810 ὦτα
1187 3757 1450 3826 πρότερον
1476 3759 1802 3826 ἐκτεμόντες

216 3841 316 3894 καὶ
347 3840 445 3911 τὴν
484 3845 634 3913 ῥῖνα,
699 3850 792 3897 καὶ
845 3847 912 3900 τὰ
965 3846 1100 3900 ἄλλα
1137 3848 1276 3918 μέλη
1306 3847 1799 3917 διαλωϐησάμενοι,

216 3932 418 3987 ιπειτα
446 3935 800 3990 ἀπέκτειναν.
843 3937 1080 4008 Ἑτέρων
1106 3939 1164 3993 δέ
1193 3940 1294 3993 οὐκ
1319 3939 1516 4006 ὀλίγων
1541 3940 1802 3996 τοιούτων

218 4025 377 4093 ῥῖνας
410 4026 504 4076 καὶ
534 4019 650 4079 ὦτα
669 4028 1026 4096 ἐκτεμόντες,
1063 4029 1252 4082 ἔπειτα
1282 4031 1652 4086 κατεδίκασαν
1689 4036 1805 4088 ἀει-

215 4115 448 4182 φυγίαν,
498 4117 593 4169 καὶ
643 4118 955 4182 ἀνοίξαντες
1007 4123 1104 4184 τὰς
1138 4121 1342 4188 πύλας,
1378 4123 1674 4192 ἐξήλαυνον
1701 4116 1818 4194 τῆξ

217 4206 453 4270 πόλεως.
489 4206 610 4260 Τῶν
641 4207 696 4260 δὲ
751 4208 1100 4278 ὀδυρομένων
1132 4212 1228 4264 καὶ
1258 4211 1358 4282 τὴν
1387 4211 1574 4266 αἰτίαν
1606 4212 1802 4282 δεομέ-

213 4313 329 4350 νων
414 4298 822 4362 κδιδάσκεσθαι,
875 4299 946 4353 δι’
975 4300 1045 4371 ῆν
1084 4303 1311 4356 τοιαῦτα
1340 4303 1636 4373 ὑπομένειν
1667 4321 1802 4358 κατ-

213 4388 716 4457 εκρίθησαν,οὑδέν
753 4391 917 4445 πλέον
949 4394 1318 4464 ἀπεκρίναντο
1357 4395 1408 4447 οἰ
1433 4395 1709 4466 Ζηλωταί,
1763 4395 1796 4466 ἢ

211 4482 300 4534 ὅτι
335 4480 526 4533 εἰδεῖεν
580 4483 778 4546 αὐτοὺς
826 4484 893 4536 τά
954 4484 1416 4554 Καντακουζηνοῦ
1475 4487 1798 4553 σαφέστατα

211 4575 554 4645 ᾑρημένους.
581 4576 643 4627 ΟΞ
678 4574 780 4644 μὲν
811 4575 905 4629 οὖν
924 4575 1098 4637 οὕτως
1137 4578 1478 4648 ὀδυρόμενοι,
1508 4580 1632 4638 ἐπεὶ
1655 4580 1794 4650 πρὸς

206 4667 370 4718 οὐδὲν
402 4667 586 4734 ἕτερον
610 4663 755 4737 εἶχον
793 4666 1030 4737 χρῆσθαι
1058 4667 1294 4732 ἑαυτοῖς,
1320 4669 1400 4732 εἰς
1421 4669 1482 4723 τὸ
1517 4670 1628 4723 τῶν
1656 4669 1794 4741 βαρ-

209 4759 403 4827 ϐάρων
442 4758 762 4830 ἀπεχώρουν
812 4760 1185 4830 στρατόπεδον
1221 4760 1358 4828 πρὸς
1397 4761 1644 4830 βασιλέα.
1691 4762 1795 4819 Βι-

208 4850 402 4912 σιλεὺς
451 4849 509 4904 δὲ
567 4853 690 4904 ἐπεὶ
738 4852 800 4902 τὸ
840 4849 1220 4920 προσάγεσθαι
1253 4853 1349 4921 τὴν
1401 4853 1556 4906 πόλιν
1587 4853 1794 4922 ἄπορον

207 4943 238 4994 ἐ
262 4942 386 5011 ὄρει,
407 4943 665 5012 Μανουὴλ
684 4943 784 5012 μὲν
804 4942 894 4996 τὸν
915 4945 1032 4996 υἱὸν
1057 4944 1149 4996 καὶ
1171 4944 1439 5011 ’Ἄγγελον
1463 4945 1556 4998 τδν
1575 4945 1795 5014 ἀνεψιὸν

205 5036 318 5102 τήν
343 5052 398 5086 τε
426 5037 486 5086 ἐκ
519 5035 814 5098 Θετταλίας
847 5038 945 5090 καὶ
976 5036 1239 5106 Βερῤοίας
1263 5035 1489 5106 ἔχοντας
1509 5037 1793 5106 στρατιάι,

207 5126 472 5178 ἐκέλευεν
501 5128 581 5190 εἰς
611 5127 712 5188 τὰς
756 5127 890 5189 ἰδίας
923 5128 1099 5198 ἀρχὰς
1147 5107 1484 5199 ἀποχωρεῖν.
1518 5128 1690 5190 Λύτδς
1737 5129 1794 5181 δὲ

207 5218 572 5286 ἀπολειφθεὶς
598 5219 719 5288 μεθ’
746 5212 819 5272 ὧν
851 5214 984 5288 ἦγεν
1013 5218 1249 5292 οἴκοθέν,
1296 5219 1392 5270 καὶ
1428 5219 1651 5288 Περσῶν
1683 5222 1794 5281 τοῖς
1853 5265 1856 5268 .

208 5309 469 5378 ἀρίστοις
499 5309 798 5374 διακοσίοις
844 5311 1047 5372 ἵππους
1105 5311 1566 5380 παρασχόμενοςσ,
1611 5312 1705 5364 καὶ
1733 5313 1796 5370 ἐκ

206 5402 320 5467 τῆς
346 5401 507 5468 ἄλλης
534 5403 795 5470 στρατιᾶς
828 5402 1232 5472 ἑξακισχιλίους
1255 5403 1574 5464 ἐπιλέκτους
1596 5403 1797 5466 πεζοὺς

209 5493 580 5562 παραλαϐὼν,
613 5495 732 5562 ἃμα
771 5494 973 5563 ’Λμοὶρ
994 5495 1058 5546 ἐκ
1083 5495 1181 5562 τῆς
1209 5494 1438 5565 ὴπείρου
1463 5495 1539 5556 εἰς
1571 5475 1808 5565 Θρᾴκην¹

207 5587 570 5656 ἀπεχώρουν.
618 5586 720 5658 τὴν
761 5587 816 5638 δὲ
842 5585 1009 5654 ἄλλην
1039 5588 1299 5653 στρατιὰν
1324 5585 1577 5638 ἐκέλευον
1597 5587 1654 5638 ἐν
1677 5588 1796 5647 ταῖς

206 5679 415 5732 ναυσὶν
445 5679 526 5742 εἰς
559 5659 923 5748 Περιθεὼριον
949 5677 1145 5739 ἐλθεῖν,
1177 5675 1253 5738 ὡς
1277 5676 1394 5728 ἐκεῖ
1422 5677 1792 5744 συμμίξοντας

206 5770 495 5842 ἀλλήλοις.
540 5769 693 5822 Ἑπεί
721 5769 770 5822 δ’
794 5771 842 5821 οἰ
881 5769 979 5836 μὲν
1019 5770 1083 5820 ἐκ
1117 5766 1413 5832 θαλάττης,
1447 5767 1496 5819 οἱ
1531 5767 1574 5818 δ’
1601 5769 1666 5821 ἐκ
1695 5768 1793 5834 τῆς

205 5864 452 5934 ἠπείρου
515 5861 690 5917 πάλιν,
733 5862 788 5914 ὲν
850 5860 1031 5929 ταυτῷ
1100 5859 1365 5928 ἐγένοντο,
1430 5857 1790 5929 [Ιεριθεώροκ

1914 680 2039 722 cum
2105 665 2293 734 paucis
2355 665 2714 735 optimatibus
2769 667 2827 721 in
2891 668 3052 738 equis
3123 669 3274 735 (non
3343 668 3490 721 en’tn

1914 756 2001 812 bis
2074 757 2432 814 abundabant
2464 757 2509 823 ),
2562 767 2677 813 toto
2729 758 2948 827 agmine
3005 758 3239 829 pedibus
3303 772 3492 828 prose-

1913 858 2140 918 quente.
2189 849 2241 903 ei
2298 865 2356 904 se
2407 849 2512 905 fert
2563 850 2806 908 obviam.
2861 850 3061 906 Parum
3107 851 3252 905 inter
3309 865 3368 904 se
3403 849 3491 904 di--

1910 938 2232 1000 stantibus.
2295 937 2558 994 Amurius
2618 939 2686 994 ab
2741 955 2885 1009 equo
2957 939 3298 995 descendens
3357 953 3484 993 eum

1909 1030 2125 1094 adorat.
2150 1039 2207 1088 et
2229 1031 2460 1099 pedibus
2484 1030 2714 1101 propius
2734 1029 2967 1097 accedit,
2994 1044 3157 1100 quem
3190 1031 3489 1098 imperator

1908 1137 2010 1192 per
2055 1122 2312 1178 nuntium
2367 1137 2560 1177 rursus
2615 1136 2818 1189 equum
2869 1120 3242 1176 conscendere
3305 1120 3482 1190 jubet.

1909 1213 2074 1284 569
2101 1214 2549 1270 Consalutatione
2593 1220 2837 1282 peracta,
2880 1211 2935 1266 in
2973 1211 3325 1266 tabernacula
3356 1225 3488 1265 con

1907 1307 2136 1366 cedunt,
2167 1316 2463 1374 castraque
2505 1319 2614 1359 non
2641 1303 2831 1374 procul
2863 1303 3255 1358 Thessalonica
3290 1303 3486 1358 diebus

1905 1405 2113 1466 septem
2143 1396 2348 1458 locant.
2381 1394 2648 1450 Amurius
2681 1407 2781 1463 per
2811 1393 3018 1463 legatos
3041 1393 3299 1446 hortatur
3326 1392 3484 1461 Oppi-

1904 1488 2098 1552 danos,
2143 1489 2222 1542 uti
2268 1487 2585 1557 imperatori
2641 1485 2836 1540 urbem
2893 1499 3062 1554 seque
3117 1483 3359 1538 tradant.
3415 1482 3480 1536 Si

1901 1577 2096 1642 faxint,
2152 1577 2399 1646 captivos
2452 1575 2784 1630 donaturum
2831 1573 3148 1642 pollicetur.
3208 1572 3292 1626 Illi
3337 1573 3482 1641 aequi

1902 1671 2144 1740 bonique
2191 1667 2329 1724 nihil
2384 1664 2976 1736 respondent.-Zelotae
3017 1671 3348 1736 metuentes,
3393 1679 3482 1729 ne,

1900 1761 1996 1832 qui
2049 1761 2194 1816 intra
2231 1757 2434 1814 mmnia
2473 1767 2632 1812 erant
2680 1754 3033 1828 imperatoris
3080 1755 3341 1825 partium.
3376 1763 3488 1808 tam
3595 1803 3602 1808 .

1901 1853 2045 1910 bella
2092 1852 2400 1907 occasione.
2442 1848 2748 1914 utentibus,
2793 1846 3132 1916 incitatoque
3173 1845 3244 1900 ab
3292 1846 3487 1900 iisdem

1903 1945 2108 2018 populo
2139 1960 2171 1999 a
2220 1942 2472 1996 Barbaris
2524 1941 2766 2004 turbato,
2790 1949 2848 1995 et
2881 1939 3126 2009 captivos
3151 1938 3254 1992 sibi
3299 1937 3493 1992 dimis-

1904 2047 2027 2089 sum
2054 2032 2123 2087 iri
2153 2039 2413 2101 sperante
2454 2029 2850 2085 invaderentur
2900 2029 3482 2098 opprimerenturque,

1903 2126 1972 2180 ad
2022 2125 2287 2183 savitiam
2338 2131 2395 2178 et
2433 2121 2614 2178 caades
2665 2121 3072 2192 procedendum
3104 2124 3486 2190 ‘censuernnt,

1903 2231 2014 2286 quo
2043 2231 2141 2286 per
2176 2215 2306 2270 illos
2343 2213 2468 2271 aliis
2497 2227 2718 2283 quoque
2748 2222 3016 2267 terrorem
3051 2212 3392 2271 incuterent.
3423 2210 3489 2265 Et

1906 2307 2271 2376 Palaeologum
2313 2303 2607 2374 quemdam
2653 2319 2721 2358 ex
2769 2302 3134 2373 Optimatibns
3161 2301 3310 2354 domi
3343 2301 3485 2355 deli-

1904 2403 2135 2460 tentem,
2179 2392 2326 2464 quod
2359 2393 2412 2447 in
2449 2391 2821 2462 suspicionem
2873 2398 3127 2454 venerat,
3157 2399 3214 2444 et
3243 2391 3336 2459 qui
3388 2405 3488 2443 cur

1902 2495 2214 2544 moreretur
2256 2482 2396 2538 nihil
2434 2490 2732 2546 meruerat,
2765 2489 2985 2550 raptum
3021 2481 3074 2534 in
3117 2481 3238 2534 foro
3267 2481 3487 2551 publice

1902 2580 2280 2644 peremerunt,
2326 2579 2721 2640 amputatoque
2771 2569 2977 2642 capite,
3035 2579 3091 2625 et
3141 2584 3372 2638 corpore
3430 2569 3487 2622 in

1900 2677 2089 2735 partes
2112 2664 2374 2727 dissecto,
2391 2676 2488 2716 eas
2511 2676 2608 2730 per
2637 2668 2824 2730 portas
2845 2659 3277 2730 suspenderunt.
3305 2656 3488 2726 Caput

1901 2765 2085 2811 autem
2119 2753 2302 2810 hastili
2333 2749 2620 2822 prmﬁxum
2656 2744 2957 2820 gcs'tantes,
3003 2759 3059 2802 et
3092 2743 3306 2802 viscera'
3355 2765 3483 2802 cru-

1901 2847 2079 2901 delem
2126 2845 2182 2899 in
2220 2844 2443 2900 modum
2476 2843 2870 2907 distrahentes,
2905 2841 3098 2896 urbem
3149 2840 3487 2895 obambula-

1901 2939 2056 2994 bant.
2079 2938 2220 2993 Tum
2245 2937 2507 2992 Gabalam
2535 2935 2835 3005 quemdam
2864 2933 3032 2989 sortis
3059 2932 3254 2987 mediae
3284 2933 3332 2986 ci
3371 2947 3483 2995 elll,

1902 3030 2078 3101 prius,
2135 3027 2367 3083 auribus
2398 3041 2554 3090 naso,
2590 3023 2915 3094 ceterisque
2965 3022 3226 3077 membris
3264 3020 3458 3074 mutila

1903 3131 2016 3176 tum
2049 3121 2389 3174 occiderunt.
2424 3117 2578 3172 Alios
2607 3117 2738 3171 item
2773 3114 3089 3184 complures
3119 3111 3487 3184 ejusdexnzor-

1903 3214 2051 3270 dinis
2076 3211 2327 3276 naribus,
2356 3218 2412 3266 et
2446 3209 2674 3266 auribus
2704 3207 2997 3271 truncatis,
3023 3205 3161 3260 urbe
3196 3205 3252 3259 in
3282 3204 3489 3273 sempi-

1906 3317 2121 3362 ternum
2167 3302 2422 3360 exsilium
2473 3301 2830 3371 expulerunt.
2860 3298 3075 3365 Quibus
3127 3295 3485 3352 lamentantic

1903 3397 2030 3461 bus,
2076 3407 2408 3462 causamque
2464 3388 2902 3454 sciscitantibus,
2936 3389 3009 3442 ob
3059 3401 3224 3457 quam
3280 3385 3486 3440 talibus

1904 3485 2196 3556 suppliciis
2242 3481 2490 3538 damnati
2529 3490 2738 3546 essent,
2774 3481 2879 3535 hoc
2909 3487 3123 3536 tantum
3153 3478 3344 3533 zelota:
3392 3493 3482 3533 re:

1903 3577 2268 3646 sponderunt,
2305 3583 2561 3630 constare
2601 3573 2730 3636 sibi,
2779 3572 2931 3641 ipsos
2962 3570 3308 3640 apertissime
3339 3568 3487 3623 Can-

1904 3679 2169 3734 tacuzeno
2207 3664 2412 3720 favere.
2461 3663 2553 3718 Sic
2600 3663 2767 3733 igitur
2803 3663 3190 3725 lamentantes,
3221 3660 3482 3729 quoniam

1901 3776 1966 3824 se
2010 3759 2234 3816 inutiles
2271 3758 2385 3827 jam
2435 3754 2720 3817 videbant,
2753 3754 2824 3810 ad
2876 3753 3244 3806 Barbarorum
3277 3758 3481 3812 castra,

1904 3852 2294 3920 imperatorem
2323 3845 2676 3911 conventuri,
2709 3844 2988 3899 adierunt.
3020 3841 3072 3897 is
3097 3855 3225 3896 cum
3259 3855 3369 3894 non
3402 3841 3486 3893 vi-

1901 3942 2058 3996 deret
2092 3955 2202 4010 quo
2248 3949 2408 4006 pacto
2454 3939 2648 3992 urbem
2686 3937 2740 3990 in
2786 3943 3114 4004 potestatem
3160 3932 3479 3996 adduceret,

1900 4034 2202 4090 Manuelem
2262 4031 2436 4085 lilium
2490 4038 2548 4084 et
2588 4028 2856 4098 Angelum
2899 4023 3317 4083 consobrinum.
3352 4037 3477 4076 cum

1901 4127 2080 4197 copiis
2129 4139 2266 4194 quas
2297 4139 2328 4178 e
2377 4121 2663 4179 Thessalia
2695 4131 2750 4174 et
2784 4117 3045 4174 Berrbuta
3076 4115 3375 4175 ducebant.
3409 4112 3478 4169 ad

1901 4221 2132 4280 illorutn'
2156 4214 2512 4286 praefecturas
2555 4209 2806 4265 remisit:
2845 4210 2959 4278 ipse
2993 4208 3220 4263 relictus
3253 4220 3376 4260 cum
3411 4206 3481 4260 iis

1901 4324 2038 4380 quos
2067 4323 2167 4379 per
2198 4321 2257 4360 se
2287 4305 2614 4366 adduxerat,
2642 4301 2898 4358 ducentis
2927 4299 3218 4354 Persarum
3243 4293 3481 4366 Optima-

1901 4401 2050 4456 tibus
2075 4400 2237 4470 equis
2263 4395 2654 4467 suppeditatis,
2681 4403 2737 4448 et
2762 4393 2831 4448 de
2864 4391 3082 4461 reliquo
3105 4390 3356 4446 exercitu
3389 4403 3486 4444 se:

1899 4492 2202 4547 electorum
2235 4489 2478 4560 peditum
2516 4485 2763 4540 millibus
2793 4482 3004 4545 ascitis,
3056 4481 3209 4536 socio
3251 4479 3482 4537 Amnrio

1825 4580 1870 4636 Ι)
1897 4599 1930 4640 e
1956 4581 2260 4638 continenti
2292 4580 2346 4634 in
2371 4577 2664 4632 Thraciam
2698 4574 2968 4638 recessit;
2994 4573 3268 4642 reliquum
3299 4573 3484 4642 copia~

1905 4689 2028 4727 rum
2078 4671 2311 4725 navibus
2350 4665 2753 4723 Peritbeorium
2789 4665 3004 4728 venire,
3040 4673 3102 4718 ut
3144 4663 3220 4718 ibi
3253 4665 3484 4734 conjnn.

1901 4771 2202 4834 gerentur.
2275 4757 2561 4829 praecepit.
2613 4755 2802 4810 Navali
2857 4755 2970 4824 jam
3022 4754 3370 4824 pedestrique
3423 4756 3480 4810 in

1905 4868 2076 4906 unum
2129 4849 2362 4904 conﬂato
2408 4847 2700 4910 exercitu,
2744 4844 3145 4902 Peritheorium
3190 4845 3482 4900 obsidione

1901 4940 2411 4999 circumdederunt.
2452 4937 2730 4994 Abderitae
2776 4945 2961 4992 autem
3006 4945 3204 5006 sponte
3236 4952 3296 4992 se
3323 4937 3482 4992 dedi-

1901 5032 2122 5097 derunt,
2175 5029 2465 5096 Gudelem,
2501 5030 2596 5100 qni
2645 5039 2764 5083 erat
2811 5028 2983 5082 Anna
3030 5027 3364 5097 imperatrici
3409 5027 3477 5081 ad
3547 5012 3550 5016 ’

1902 5123 2181 5195 cyathum,
2204 5120 2371 5176 simul
2400 5121 2646 5176 vinctum
2672 5117 3031 5181 adducentes,
3051 5133 3218 5186 quem
3252 5132 3481 5186 magnus

1903 5212 2014 5278 dux
2055 5218 2176 5281 post
2227 5207 2574 5278 imperatoris
2629 5207 2698 5260 ad
2735 5205 3006 5262 Triballos
3055 5205 3384 5265 discessum,
3420 5207 3476 5260 in

1901 5305 2157 5358 exsilium
2195 5303 2389 5356 timore
2415 5315 2537 5354 sese
2599 5297 2945 5353 tradentibus
2973 5298 3290 5366 praelectum
3323 5297 3482 5351 auri-

1902 5396 2115 5450 bnerat.
2153 5394 2315 5464 570
2353 5391 2630 5446 Laudatus
2663 5391 2985 5460 imperator,
3017 5400 3131 5444 tum
3164 5389 3313 5459 quod
3343 5397 3480 5444 tem—

1904 5487 2022 5539 mri
2056 5502 2114 5542 se
2147 5483 2658 5540 accommodassent
2704 5492 2760 5536 et
2794 5498 2958 5551 supra
3001 5482 3146 5536 vires
3176 5481 3476 5551 quidquam

1900 5579 2101 5634 audere
2147 5579 2478 5638 noluissent,
2529 5587 2642 5630 tum
2700 5576 2846 5645 qqu
2901 5574 2968 5630 ad
3026 5574 3288 5630 reducem
3354 5577 3477 5628 sine

1902 5673 2251 5726 cunctatione
2297 5671 2478 5739 aliqua
2526 5683 2584 5723 se
2632 5667 3034 5738 adiunxissent,
3069 5666 3329 5737 praefecto
3370 5666 3480 5720 illis

1901 5771 2104 5824 creato,
2137 5763 2356 5816 domum
2385 5759 2616 5820 dimisit,
2646 5759 2866 5814 Gudtlan
2891 5774 2990 5816 sua
3019 5757 3233 5812 restitui
3252 5757 3474 5825 iubens,

1899 5847 1952 5911 ξι
2015 5857 2155 5910 ultro
2204 5855 2254 5909 ci
2303 5851 2460 5922 plura
2508 5851 2884 5935 :uppcditans.
2945 5851 3152 5908 Deinde
3207 5847 3474 5904 Jacobum
