3962 6574
244 457 395 523 1097

1387 457 1930 519 HISTORIARUM
1973 459 2204 518 LIBER
2252 460 2360 520 III.

3363 465 3490 528 i038

233 573 450 634 αὐτῶν,
478 573 873 640 περαιὼσονται
910 572 1045 641 πρὶς,
1082 569 1341 624 οτθυνίαν
1367 585 1381 600 ·
1410 566 1529 622 εἶτα
1563 567 1652 621 διὰ
1679 569 1812 636 Φρυ-

1922 568 2082 623 sedes
2107 571 2427 637 repetendas
2463 571 2748 640 Impulsum
2781 586 2919 626 esse.
2951 574 3197 642 Cumque
3241 591 3336 644 per
3381 586 3497 633 dies

235 666 374 730 γίας
421 663 516 714 καὶ
548 661 759 733 Καρίας
793 659 1072 729 ἀφίξονται
1111 663 1192 726 είς
1228 661 1463 716 Ἰωνίαν.
1517 661 1811 730 Ἐρομένου

230 755 305 809 δὲ
337 753 500 808 αὑτοῦ
540 755 644 806 τίνι
673 755 948 822 χρώμενοι
977 752 1268 824 διαλλακτῇ
1304 751 1404 816 τὰς
1437 754 1573 823 πρὸς
1602 751 1813 814 Βυζαν.

234 848 396 908 τίους
421 845 754 913 ποιήσαιντο
805 845 1102 913 συνθήκας,
1151 845 1249 919 οὐκ
1282 845 1487 912 ἔφασαν
1519 845 1816 912 κατάδηλον

244 938 500 1006 ποιήσειν
530 936 884 1004 ὀμωμοκότες
919 936 1313 1005 ἀποκρύπτειν.
1357 935 1484 988 Ἐπὶ
1531 937 1816 989 πεντεκαί-

228 1026 377 1080 δεκα
407 1027 508 1096 μὲν
539 1022 636 1079 οὖν
666 1027 903 1097 ἡμέραις
931 1029 960 1078 ὁ
992 1027 1194 1096 Ἀμοὺρ
1227 1029 1338 1089 τοῖς
1378 1027 1613 1097 Πέρσαις
1644 1027 1816 1079 διετέ-

231 1117 368 1170 λεσε
398 1117 810 1188 διαλεγόμενος,
843 1119 940 1172 καὶ
976 1117 1190 1173 πείθειν
1218 1119 1514 1189 ἐπιχειρῶν
1553 1120 1625 1188 μὴ
1647 1119 1814 1170 άπαίο

232 1223 364 1275 ρειν
391 1209 469 1270 εἰς
497 1205 703 1260 Ἀσίαν.
736 1207 886 1259 Ἐπεὶ
901 1206 957 1260 δὲ
980 1207 1215 1277 ἀνήνυτα
1239 1210 1414 1262 πονῶν
1446 1207 1612 1278 ἐώρα,
1639 1210 1815 1278 ἀπήγ-

234 1298 404 1366 γελλε
437 1299 616 1352 πάντα
675 1297 891 1368 βασιλεῖ
938 1297 1077 1369 μετὰ
1139 1299 1340 1368 πολλῆς
1402 1299 1502 1367 τῆς
1525 1297 1764 1369 ἀθυμίας
1796 1314 1810 1329 ο

237 1393 342 1444 καὶ
374 1389 713 1460 ἐμαρτύρετο
740 1389 898 1454 Θεὸν,
927 1395 1004 1454 ῶς
1035 1390 1196 1454 αὐτὸς
1233 1391 1337 1460 μέν
1361 1390 1586 1461 τοιαύτῃ
1619 1388 1812 1461 γνώμῃ

237 1485 384 1551 πρὸς
411 1482 577 1535 αὐτὸν
606 1483 878 1549 ἀφίκοιτο,
917 1482 992 1546 ὡς
1019 1483 1171 1552 αὐτῷ
1216 1481 1610 1554 συνδιατρίψων
1655 1482 1813 1551 ἄχρις

235 1576 314 1629 ἄν
349 1592 402 1628 τι
430 1575 524 1628 τοῦ
557 1575 678 1627 νυνὶ
701 1575 942 1645 πολέμου
980 1575 1153 1646 πέρας
1184 1574 1416 1643 γένοιτο,
1441 1575 1536 1627 καὶ¹
1562 1573 1640 1636 ὡς
1670 1573 1815 1626 ἐκεί-

237 1683 372 1730 νους
429 1666 706 1732 ἐκλέξοιτο
746 1668 986 1722 συνεῖναι
1034 1662 1118 1729 οἷς
1171 1665 1406 1736 μάλιστα
1459 1665 1706 1738 ἐθάρρει,
1733 1665 1815 1718 ὅτι

237 1759 424 1812 πάντα
459 1758 703 1811 κίνδυνον
729 1757 1124 1828 ύποστήσονται
1150 1756 1248 1826 τῆς
1273 1759 1351 1821 είς
1388 1757 1550 1810 αὐτὸν
1576 1757 1810 1822 εὐνοίας.

236 1847 381 1902 Νυνὶ
407 1848 464 1901 δὲ
509 1847 814 1901 τούναντῐον
863 1847 1014 1902 ἅπαν
1040 1846 1388 1917 γεγενῆσθαι.
1417 1847 1490 1908 Τὸ
1511 1847 1620 1915 γὰρ
1647 1863 1812 1918 στρα-

1923 659 2236 730 quindecim
2281 675 2375 715 eos
2417 661 2653 716 retinere
2702 663 2936 717 annixus
2985 663 3173 727 fuerit,
3203 668 3376 721 satius
3413 671 3497 722 ni-

1923 751 2034 805 hilo
2061 751 2276 813 fecisse.
2310 751 2578 806 universis
2623 752 2690 806 ad
2735 755 2972 810 reditum
3027 757 3218 811 audaci
3261 761 3494 828 quodam

1921 857 1986 896 ac
2044 841 2336 896 temerario
2378 841 2584 910 impetu
2616 844 2923 909 concitatis,
2964 860 3065 900 nec
3109 863 3167 900 se
3211 859 3493 905 auctorem

1922 934 2085 1004 hujus
2117 933 2351 993 consilii.
2376 936 2728 1002 quantumvis
2755 936 2901 990 serio
2927 937 3320 1006 inquirentem,
3343 942 3497 996 inve-

1920 1029 2040 1081 nire
2074 1027 2182 1080 ullo
2232 1016 2395 1082 modo
2430 1029 2694 1097 potuisse.
2732 1027 3015 1100 Scitaqne
3058 1033 3232 1088 solum
3261 1047 3494 1100 restare,

1922 1123 2192 1169 carentem
2237 1117 2504 1178 exercitu,
2539 1117 2783 1187 ineptum
2834 1121 3112 1190 negotium
3152 1127 3494 1184 existimare.

1920 1206 2062 1271 Quid
2099 1207 2244 1261 enim
2292 1221 2390 1264 sua
2431 1208 2596 1264 unius
2646 1213 2936 1279 praesentia
2969 1202 3360 1272 conduxerit?
3391 1220 3488 1275 Sin

1920 1295 2036 1364 ipse
2068 1299 2257 1354 utilius
2303 1308 2548 1365 censeat,
2581 1315 2792 1370 suoque
2833 1303 3092 1375 sutl‘ragio
3118 1313 3404 1377 approbet,
3435 1326 3494 1368 se

1919 1385 2142 1441 domum
2176 1387 2229 1442 in
2257 1405 2497 1456 praesens
2527 1406 2651 1446 cum
2673 1392 2850 1461 cepiis
2881 1393 3277 1462 discessurum,
3308 1399 3496 1470 ibique

1919 1480 2063 1548 quod
2120 1480 2380 1536 facillime
2441 1483 2636 1552 possit,
2687 1498 2880 1553 prunas
2922 1487 3012 1540 sui
3056 1497 3118 1542 et
3148 1489 3494 1557 imperatoris

1921 1569 2120 1639 proditi
2145 1586 2307 1640 quam
2334 1573 2710 1628 scverissimas
2733 1581 3128 1644 expetiturum.
3161 1579 3354 1634 Postea
3399 1582 3497 1637 do-

1921 1677 2012 1717 mo
2037 1677 2130 1718 sua
2165 1664 2302 1719 bene
2337 1667 2660 1734 composita,
2692 1677 2747 1722 et
2771 1668 3046 1733 ordinata,
3070 1671 3344 1739 praefectis
3361 1689 3462 1742 pro
3480 1704 3492 1718 ι

1921 1754 2114 1809 vincia:
2139 1762 2192 1810 et
2216 1757 2629 1813 successoribus
2664 1768 2785 1828 post
2813 1771 3044 1816 mortem
3085 1777 3239 1816 suam
3270 1764 3493 1820 institu-

1923 1848 1990 1902 tis
2020 1847 2154 1917 (non
2203 1847 2350 1902 enim
2386 1847 2527 1902 intra
2554 1849 2719 1905 breve
2753 1861 2967 1921 tempus
3003 1852 3060 1908 in
3099 1853 3286 1910 Asiam
3313 1871 3493 1911 rever.

234 1936 472 1991 τόπεδον
513 1936 620 1991 ὑπό
648 1953 810 1992 τινων
840 1934 1082 1992 ἐνταῦθα
1131 1937 1199 1990 τὰ
1243 1936 1511 2007 βασιλίδος
1553 1937 1810 2007 φρονούν-

1917 1953 2128 2003 surum,
2161 1937 2255 1994 sed
2295 1946 2390 1994 aut
2435 1938 2638 1996 bellum
2681 1955 2806 1996 cum
2858 1958 2924 1996 eo
2961 1944 3368 2009 confecturum,
3397 1957 3493 2004 aut

237 2045 356 2080 των
409 2026 758 2098 διεφθάρθαι,
785 2050 791 2057 ·
815 2027 910 2080 καὶ
950 2027 1089 2097 πρὸς
1143 2027 1244 2099 τὴν
1282 2028 1490 2081 οίκείαν
1515 2029 1812 2099 ἀναχωρεῖν

1917 2030 2004 2084 hic
2031 2029 2086 2084 in
2115 2029 2232 2084 acie
2269 2029 2711 2100 occubiturum),
2755 2046 2880 2086 cum
2906 2032 3027 2086 aliis
3052 2033 3211 2104 longe
3239 2034 3493 2091 ﬁdelissi-

240 2120 568 2174 πεπεῖσθαι.
615 2119 795 2174 Πολλά
826 2120 884 2172 δὲ
912 2121 970 2172 ἐν
1001 2119 1393 2174 πεντεκαίδεκα
1426 2118 1659 2189 ἡμέραις
1692 2121 1812 2190 περὶ

1917 2120 2038 2186 mis,
2074 2133 2403 2192 semperque
2433 2135 2621 2177 secum
2646 2123 2884 2180 militare
2935 2125 3265 2194 volentibus,
3291 2128 3491 2185 celeri-

241 2212 342 2267 τοῦ
373 2212 556 2284 μένειν
582 2212 768 2276 αὐτοῖς
797 2210 1172 2282 διαλεχθέντα,
1216 2209 1384 2279 μηδὲν
1414 2210 1580 2264 πλέον
1617 2212 1812 2280 ὴνυκέ-

1917 2219 1996 2266 ter
2023 2220 2378 2268 reventurum
2387 2253 2401 2267 .

241 2322 363 2370 ναι,
392 2305 612 2359 πάντων
640 2303 782 2374 ὁμοῦ
812 2303 952 2375 πρὸς
981 2303 1083 2374 τὴν
1121 2303 1382 2359 ἐπάνοδον
1406 2303 1552 2374 ὁρμῇ
1606 2319 1713 2358 τινι
1744 2303 2184 2372 κατασχεθέντων
2216 2305 2512 2377 παραϐόλῳ
2539 2323 2554 2337 ’
2587 2307 2918 2372 ἐξετάσαντα
2954 2308 3013 2363 δὲ
3041 2309 3212 2364 πολλὰ
3240 2311 3488 2385 περὶτοῦ

248 2399 478 2454 τοιαῦτα
509 2397 859 2464 πεπεικότος,
886 2399 1151 2470 μηδαμῶς
1208 2397 1505 2468 δυνηθῆναι
1531 2399 1794 2472 ἐξευρεῖν.
1857 2399 1931 2453 Τὸ
1957 2401 2059 2471 μὲν
2100 2398 2199 2455 οὖν
2256 2402 2420 2456 αὐτὸν
2465 2403 2624 2473 μόνον
2659 2403 2998 2475 παραμένειν
3025 2404 3368 2474 ἀπελθούσης
3393 2406 3489 2474 τῆς

242 2496 530 2566 στρατιᾶς,
561 2492 882 2562 ἀσύμφορον
955 2491 1226 2562 ἡγεῖσθαι.
1277 2492 1522 2562 Οὐδεμία
1545 2495 1655 2562 γὰρ
1693 2491 1938 2560 ὠφέλειά
1963 2510 2046 2556 τις
2091 2493 2245 2547 ἐσται
2277 2494 2379 2564 τῆς
2404 2494 2709 2566 παρουσίας
2735 2496 2832 2564 τῆς
2848 2495 3040 2549 αὐτοῦ.
3077 2497 3140 2549 Εἰ
3158 2496 3205 2549 δ’
3229 2495 3379 2567 αὐτῷ
3398 2496 3490 2571 λυο

197 2603 202 2611 ’
243 2586 620 2662 σιτελέστέρον
646 2591 812 2654 δοκεῖ,
843 2589 940 2642 καὶ
1011 2589 1408 2660 ἐπιψηφίσαιτο
1447 2590 1544 2644 καὶ
1573 2589 1737 2653 αὐτὸς
1779 2593 1843 2642 τὸ
1871 2589 1967 2643 νῦν
1997 2590 2098 2660 μὲν
2154 2590 2299 2662 ἔχον,
2332 2593 2417 2655 εἰς
2474 2594 2571 2664 τὴν
2604 2593 2813 2646 οίκείαν
2881 2592 3202 2646 ἐπανελθεῖν
3221 2595 3361 2662 μετὰ
3384 2593 3484 2661 τῆς

240 2687 539 2756 πτρατιᾶς·
562 2687 681 2740 ἐκεῖ
697 2686 756 2741 δὲ
793 2687 949 2750 δίκας
979 2683 1080 2748 τὰς
1114 2682 1351 2753 ἐσχάτας
1383 2682 1515 2754 παρ’
1546 2682 1727 2737 αὐτῶν
1761 2683 1862 2752 τῆς
1891 2683 1973 2747 εις
2003 2683 2168 2737 αὐτὸν
2212 2683 2310 2738 καὶ
2342 2684 2574 2753 βασιλέα
2618 2684 2852 2738 λαϐόντα
2891 2685 3213 2755 προδοσίας·
3250 2686 3491 2756 μάλιστα

243 2776 358 2847 γὰρ
381 2779 496 2832 ἐκεῖ
533 2777 692 2832 τοῦτο
739 2774 881 2833 εῖναι
916 2777 1146 2832 ἀνυστὸν
1187 2775 1358 2846 αὐτῷ,
1395 2775 1589 2829 ἔπειτα
1617 2776 1842 2846 ἐτέρους
1880 2776 2072 2846 ἔχοντα
2119 2779 2248 2841 τοὺς
2281 2777 2515 2848 μάλιστα
2555 2778 2934 2844 πιστοτάτους,
2970 2781 3064 2832 καὶ
3099 2779 3260 2850 μέχρι
3288 2779 3489 2842 παντὸς

242 2873 394 2943 αὐτῷ
426 2874 854 2946 βουλησομένους
915 2873 1378 2942 συγκινδυνεύειν,
1436 2873 1579 2926 κατὰ
1647 2873 1808 2942 τάχος
1850 2873 2152 2951 ἐπανήκειν
2191 2872 2252 2926 εὖ
2291 2874 2614 2944 διαθέμενον
2663 2873 2734 2927 τὰ
2802 2874 2947 2928 κατὰ
2976 2874 3075 2945 τὴν
3109 2875 3312 2938 οἰκίαν,
3371 2875 3492 2929 ἐπτ-

240 2971 474 3035 τρόπου,
524 2969 946 3039 καταστήσαντα
972 2969 1070 3038 τῆς
1132 2968 1327 3037 ἀρχῆς,
1369 2966 1464 3020 καὶ
1503 2967 1781 3038 διαδόχους
1865 2968 2002 3038 μετὰ
2068 2967 2344 3037 τελευτὴν,
2391 2965 2492 3031 ,ὡς
2539 2967 2601 3021 ού
2639 2966 2850 3038 ταχέως
2898 2965 3054 3032 αὖθις
3123 2967 3485 3037 ἐπανήξοντα,

249 3061 365 3115 ἀλλ’
399 3061 1040 3133 ἢσυγκατέργασόμενον
1075 3059 1169 3114 τὸν
1223 3061 1483 3131 πόλεμον,
1546 3059 1580 3129 ἢ
1626 3061 1686 3112 ἐν
1735 3059 1813 3130 τῷ
1854 3059 2121 3130 μάχεσθαι
2146 3059 2504 3130 πεσούμενον.

1726 3197 1954 3254 CAPUT
1997 3197 2205 3254 LXVII.
2301 3228 2310 3235 -

1726 3198 1954 3254 CAPUT
1997 3198 2205 3254 LXVII.
2301 3228 2310 3235 -

245 3298 465 3372 Amulio
495 3303 701 3372 gratias
736 3301 844 3370 agit
854 3301 1180 3372 jntperator,
1211 3198 1789 3372 legationemsdzspaee
1813 3293 2152 3372 ‘Byzqntium
2203 3298 2755 3372 mittendom_suadet,
2780 3316 2880 3370 quo
2901 3301 2975 3354 ad
3006 3301 3286 3354 discessum
3310 3315 3490 3353 neces-

315 3371 463 3441 saria
490 3367 795 3441 Suppetunt}
847 3367 1270 3441 nepte/tenditur
1307 3367 1762 3441 Constantinopoli
1789 3367 2058 3441 Amurius,
2087 3384 2189 3438 quo
2232 3384 2288 3421 se
2319 3369 2460 3441 apud
2505 3367 2929 3441 Cantucuzenum
2984 3373 3138 3423 nimis
3191 3372 3404 3440 ubjiciat
3438 3379 3490 3421 et

318 3437 788 3510 abjeceritINaves
814 3449 863 3492 et
901 3437 1176 3510 pecuniam
1214 3437 1262 3490 ei
1291 3437 1627 3506 promittunt.
1661 3437 1713 3491 Is
1738 3452 1792 3488 se
1825 3445 1874 3489 et
1913 3437 2288 3505 imperatorem
2336 3439 2588 3507 defendit.
2621 3439 2791 3494 Locus
2828 3439 3042 3510 elegans
3086 3444 3149 3494 de
3183 3437 3489 3494 discrimine

312 3508 597 3565 servitutis.
628 3509 834 3564 Petitur
866 3514 932 3561 ab
960 3524 1020 3562 eo
1047 3508 1326 3562 discessus.

273 3645 580 3719 ’Βασιλεὺς
629 3653 686 3708 δὲ
741 3655 930 3724 ἠνιᾶτο
981 3653 1082 3723 μὲν
1129 3651 1266 3723 πρὸς
1309 3651 1408 3723 τὴν
1459 3653 1809 3721 άναχωρησιν

1985 3649 2283 3720 Imperator
2307 3650 2374 3706 de
2404 3651 2509 3707 hoc
2540 3652 2787 3708 discessu
2831 3652 3092 3712 indoluit.
3125 3654 3271 3723 quod
3297 3668 3355 3707 se
3386 3670 3490 3707 un-

241 3752 478 3813 εκείνου,
516 3747 632 3820 ᾔδει
684 3747 804 3817 γὰρ
839 3745 1269 3817 ἐπιϐησομένους
1315 3745 1651 3815 πανταχόθεν
1677 3745 1812 3798 πάν-

241 3861 362 3908 τας.
412 3841 586 3910 Ὁρῶν
618 3839 675 3893 δὲ
706 3839 784 3903 ὡς
815 3838 1078 3892 ἀδύνατον
1111 3837 1211 3901 τὴν
1243 3836 1467 3908 Περσῶν
1498 3837 1811 3907 παρακατέ-

243 3954 362 4008 χειν
389 3936 680 4007 στρατιὰν,
706 3935 842 4006 πρὸς
874 3935 975 4006 τὴν
1009 3934 1271 3988 ἐπάνοδον
1317 3934 1419 4006 ἤδη
1446 3933 1807 4006 ὡρμημένην,

255 4030 464 4099 Ἀμοὺρ
492 4029 592 4098 μὲν
618 4029 717 4098 τῆς
749 4029 827 4091 είς
860 4029 1023 4082 αὐτὸν
1052 4027 1268 4091 εὐνοίας
1309 4025 1510 4089 πολλὰς
1543 4025 1811 4096 ὡμολόγει

243 4123 500 4193 χάριτας,
555 4119 914 4174 συνεϐούλευε
959 4118 1017 4172 δὲ
1063 4120 1184 4171 ἐπεὶ
1236 4117 1312 4188 μὴ
1359 4117 1566 4173 πείθειν
1595 4111 1706 4181 οἶός
1752 4135 1811 4170 τε

244 4213 485 4282 ἐγένετο,
518 4212 817 4284 πρεσϐείαν
858 4212 995 4282 πρὸς
1041 4210 1292 4282 βασιλίδα
1325 4211 1566 4282 πέμπειν
1595 4211 1675 4272 είς
1712 4210 1812 4263 Βυ-

245 4305 484 4372 ζάντιον,
522 4307 616 4357 καὶ
649 4303 871 4376 ὁμοίους
899 4305 1013 4366 τοῖς
1043 4303 1333 4374 προτέροις
1363 4302 1492 4371 περὶ
1529 4302 1631 4368 τῆς
1660 4302 1810 4371 ειρήο

247 4415 347 4468 νης
380 4396 653 4451 ποιεῖσθαι
699 4396 915 4464 λόγους,
948 4396 1044 4448 καὶ
1089 4395 1188 4465 τὴν
1225 4383 1484 4448 ἀϐουλίαν
1533 4392 1811 4457 ὀνειδίζειν

246 4489 452 4554 αὐτοῖς,
479 4489 562 4542 ὁτι
589 4487 678 4542 διὰ
708 4487 917 4558 ταύτην
947 4488 1016 4556 τῇ
1067 4485 1355 4555 Ῥωμαίων
1383 4485 1650 4557 ἡγεμονία
1679 4485 1811 4538 πο).-

243 4581 359 4645 λοῖς
383 4580 546 4634 αῐτιοι
577 4579 901 4650 γεγένηνται
935 4577 1172 4647 φθορᾶς·
1217 4578 1310 4631 καὶ
1336 4577 1418 4629 ἔτι
1446 4577 1711 4645 πλείονος,
1745 4576 1810 4630 ἂν

246 4673 323 4743 μὴ
347 4671 1024 4740 πείθωνται,γενήσονται⁶
1043 4670 1331 4739 παραινεῖν
1345 4683 1404 4721 τε
1431 4662 1586 4731 αὖθις
1607 4667 1696 4720 τὸν
1717 4669 1788 4720 πό
1810 4697 1814 4701 -

244 4765 303 4818 λε
311 4783 412 4835 μον
424 4763 736 4829 καταλύειν,
752 4762 848 4816 καὶ
869 4761 945 4833 μὴ
969 4762 1055 4814 διά
1070 4761 1398 4830 φιλονεικίαν
1411 4759 1641 4830 ἔχουσαν
1661 4758 1811 4841 ούδέν

244 4857 418 4925 ὑγιὲς,
451 4857 713 4928 περιορᾷν
743 4855 1014 4926 ὁσημέραι
1048 4853 1174 4916 τοὺς
1204 4851 1514 4924 ὁμοφύλους
1545 4851 1810 4923 ἐξανδραο

244 4949 660 5021 ποδιζομένους,

243 5043 634 5109 ὑπομένοντας.
695 5041 924 5116 Ἐκεῖνοι
971 5038 1054 5105 δὲ,
1087 5039 1184 5092 καὶ
1237 5038 1342 5108 γὰρ
1395 5036 1584 5091 οὐδένα
1633 5032 1814 5100 αὖθιδ,

241 5134 434 5206 ὥσπερ
461 5137 556 5188 καὶ
590 5134 858 5205 πρότερον
887 5133 1203 5204 ποιήσονται
1237 5131 1336 5203 τῆς
1367 5131 1593 5202 εἰρήνης
1632 5129 1814 5199 λόγον,

242 5228 339 5280 ἐπὶ
363 5226 422 5278 τὸ
457 5226 672 5279 πείθειν
703 5225 869 5279 αὐτὸν
898 5225 1094 5278 αὐτίκα
1143 5223 1433 5294 τρέψονται
1479 5221 1814 5291 ἀφίστασθαι

242 5318 499 5370 ἐκείνου·
533 5319 627 5371 καὶ⁸
650 5317 968 5386 πέμψαντες
1001 5315 1305 5388 ἀξιόχρεών
1333 5331 1478 5378 τινα,
1511 5313 1569 5366 ὃν
1601 5313 1814 5380 οδήσον-

241 5426 335 5462 ται
389 5409 551 5462 τοῦτο
610 5408 1050 5477 κατεργάσεσθαι
1103 5406 1432 5476 δυνήσεσθαι
1486 5405 1815 5472 παρέξονται

141 5489 160 5496 ’
243 5503 339 5554 καὶ
367 5503 627 5572 χρήματα
662 5501 834 5554 πολλὰ
879 5500 980 5570 τῆς
1023 5499 1426 5568 ἀναχωρήσεως
1469 5495 1682 5566 μισθὸν,
1719 5497 1815 5551 καὶ

242 5592 378 5655 ναῦς
429 5586 514 5656 αἷς
559 5593 823 5664 χρήσεται
877 5589 1012 5661 πρὸς
1053 5589 1152 5660 τὴν
1191 5587 1472 5641 διάϐασιν
1511 5587 1608 5640 καὶ
1654 5588 1720 5655 τῇ
1750 5603 1808 5638 τε

246 5685 480 5754 στρατιᾷ
511 5685 572 5735 τὸ
623 5682 1059 5750 σπουδαζόμενον
1094 5679 1247 5732 ἐσται
1301 5679 1518 5748 ὴνυκὼς
1542 5719 1556 5743 ,
1621 5681 1715 5730 καὶ
1746 5680 1814 5731 τά

244 5776 509 5848 χρήματα
538 5773 722 5827 λαϐὼν
749 5772 1043 5842 ἀμείψεται
1073 5771 1197 5832 τοὺς
1245 5768 1541 5840 προθύμως
1575 5787 1812 5840 συστρα-

241 5867 637 5936 τευσαμένους.
673 5865 748 5918 Uti
784 5864 892 5934 γάρ
925 5864 1134 5915 δίκαιον
1165 5862 1364 5930 ὁμοίως
1396 5863 1563 5915 πᾶσιν
1593 5861 1806 5932 ὀργίζε-

493 5963 758 6023 mmor.
792 5961 908 6020 Gn.
949 5957 1147 6016 CLIII.

1912 3737 2080 3808 dique
2127 3739 2428 3808 appetitum
2483 3739 2546 3792 iri
2598 3751 2868 3794 cerneret.
2927 3739 3240 3806 Intelligens
3303 3751 3485 3795 autem

1912 3829 2107 3885 Persas
2145 3829 2212 3885 ad
2253 3830 2487 3884 reditum
2523 3839 2806 3900 tantopere
2840 3829 3206 3885 inﬂammatos
3237 3843 3298 3886 ut
3327 3833 3487 3887 cohi-

1913 3917 2033 3975 beri
2064 3934 2172 3974 non
2200 3927 2444 3989 possent,
2480 3920 2706 3973 Amurio
2731 3919 2799 3973 de
2848 3930 2955 3974 tam
2991 3921 3204 3990 prolixa
3255 3937 3385 3992 erga
3425 3938 3486 3978 se

1913 4013 2194 4067 Voluntate
2241 4013 2442 4082 gratias
2497 4013 2611 4080 agit
2661 4011 3052 4082 amplissimas,
3087 4013 3370 4084 suasitque
3405 4025 3486 4080 ut,

1912 4103 2172 4176 quoniam
2197 4102 2428 4157 militem
2476 4117 2634 4157 suum
2659 4101 2882 4157 ﬂectere
2911 4103 3270 4172 nequivisset.
3304 4115 3489 4160 orato-

1915 4214 2001 4252 res
2029 4196 2350 4268 Byzantium
2375 4196 2441 4251 ad
2471 4194 2873 4266 imperatrieem
2904 4193 3169 4253 mitteret,
3210 4194 3303 4264 qui
3337 4194 3491 4250 simi-

1913 4288 2058 4354 liter,
2096 4295 2156 4341 ut
2188 4287 2444 4350 antehac,
2476 4285 2544 4340 de
2581 4299 2714 4355 pace
2743 4283 3102 4350 dissererent,
3142 4284 3359 4353 illisque
3389 4285 3489 4339 de-
3556 4333 3565 4342 .

1915 4376 2175 4434 mentiam
2216 4377 2634 4447 exprobrarent,
2665 4390 2764 4446 per
2805 4389 2968 4446 quam
3003 4375 3252 4429 Romano
3286 4375 3490 4445 princi-

1914 4481 2064 4553 patui
2094 4481 2324 4537 exitium
2359 4494 2617 4552 magnum
2644 4479 2980 4541 invexeriht,
3017 4492 3083 4533 ac
3111 4477 3218 4532 nisi
3254 4479 3307 4532 in
3342 4477 3486 4532 viam

1915 4577 2161 4644 redeant,
2210 4575 2385 4647 maius
2439 4571 2707 4628 invecturi
2753 4572 2884 4626 sint.
2912 4569 3276 4627 llortarcntur
3304 4582 3488 4626 autem

1915 4686 2106 4726 rursus
2147 4668 2347 4724 bellum
2399 4667 2626 4720 missum
2664 4665 2927 4728 facerent,
2964 4680 3070 4719 neu
3119 4665 3188 4718 ob
3225 4663 3492 4728 insipien-

1917 4773 2024 4818 tem
2053 4762 2210 4817 istam
2237 4757 2665 4819 contentionem,
2697 4755 2945 4826 quotidie
2979 4771 3089 4811 suae
3120 4755 3298 4824 gentis
3340 4769 3489 4807 mor-

1917 4855 2054 4910 tales
2089 4855 2143 4908 in
2185 4854 2506 4909 servitutem
2548 4849 2753 4920 abripi,
2794 4846 3078 4912 trucidari,
3107 4855 3162 4902 et
3190 4843 3258 4899 ad
3292 4860 3492 4899 mrum-

721 4950 818 5004 καὶ
866 4946 1275 5016 κτεινομένους,
1333 4945 1429 4998 καὶ
1480 4945 1550 4998 τά
1604 4942 1809 5013 ἔσχατα

1920 4961 2016 5001 nas
2041 4945 2213 5015 redigi
2259 4945 2522 5000 sinerent.
2556 4942 2684 4998 Illos
2707 4954 2858 5005 vero,
2903 4948 2963 4993 ut
2993 4938 3129 4995 alias
3174 4937 3384 4992 nullum
3415 4937 3486 4992 de
3577 5006 3579 5008 _

1921 5053 2052 5109 pace
2079 5038 2308 5092 verbum
2361 5037 2669 5097 locuturos,
2701 5031 2796 5087 sed
2842 5029 3178 5101 persuadere
3225 5029 3488 5084 enixuros
3530 5021 3562 5087 ε’

1921 5130 1998 5183 ιιιί
2047 5125 2452 5198 quamprimum
2490 5141 2522 5179 a
2568 5123 2950 5179 Cantacuzeno
2997 5135 3056 5175 se
3105 5118 3401 5188 disjungat,
3435 5127 3491 5172 et

1922 5221 2088 5276 misso
2121 5218 2376 5290 quapiam
2429 5217 2559 5272 huic
2611 5213 2824 5270 muneri
2858 5212 3074 5274 idoneo,
3114 5224 3366 5279 magnam
3395 5225 3489 5278 pe-

1920 5311 2096 5366 cuniae
2123 5310 2255 5375 vim,
2289 5309 2568 5363 discessus
2605 5304 2939 5368 mercedem,
2974 5317 3039 5356 ac
3064 5311 3323 5372 praetcrea
3351 5302 3490 5356 clas-

1917 5417 2033 5457 sem
2080 5400 2546 5471 suppetlitaturos.
2580 5396 2669 5452 Sic
2709 5404 2766 5450 et
2797 5393 2942 5465 quod
2979 5391 3257 5451 exercitus
3315 5406 3489 5459 usque

1912 5489 2050 5543 adeo
2081 5487 2462 5550 contenderet,
2497 5485 2798 5556 perlectum
2828 5483 2965 5547 fore,
2993 5490 3049 5534 et
3079 5481 3232 5534 illum
3263 5491 3487 5549 aceran

1914 5579 2150 5651 pecunia
2201 5579 2437 5634 libenter
2500 5575 2603 5631 sub
2658 5589 2716 5629 se
2786 5571 3081 5627 miIitantes
3142 5570 3486 5625 remunerari

1911 5686 2090 5743 posse.
2122 5669 2237 5724 Non
2272 5670 2420 5724 enim
2467 5681 2682 5735 (equum
2744 5664 2903 5718 irasci
2955 5663 3160 5730 pariter
3206 5662 3485 5720 omnibus,

1913 5765 2008 5822 sed
2035 5763 2306 5834 superbiae
2331 5770 2386 5815 et
2411 5759 2772 5815 contumaciae
2797 5757 3111 5811 incentores
3145 5755 3356 5808 modice
3389 5768 3487 5819 pu-

1914 5857 2160 5915 niendos.
2222 5869 2288 5909 ne
2353 5852 2491 5908 alios
2542 5851 2934 5922 impudentiam
2980 5847 3231 5915 exemplo
3259 5858 3352 5899 suo
3379 5842 3502 5895 do-'

3061 5941 3148 6000 325
