3962 6560
464 379 609 448 1995

1654 369 1898 430 JOANN
1911 370 1979 428 lS
1998 364 2528 429 CANTACUZENI

3585 354 3712 420 1096

463 499 588 554 dam
616 487 1170 559 Philadelphiensem,
1207 498 1370 554 quem
1404 482 1823 538 Cantacuzenus
1847 482 1913 536 ad
1972 481 2058 535 di-

2173 479 2546 549 ’Λλέξανδρος,
2562 474 2806 545 ἀπῄτουν
2833 462 2980 526 οὑτοι
2999 469 3096 539 την
3125 468 3451 538 συμμαχίαν
3471 468 3615 522 κατά
3628 483 3715 532 τας

465 599 716 642 mensum
751 581 804 635 in
837 580 955 634 dies
987 577 1216 634 Atnurio
1247 574 1600 646 praebendum
1657 574 2048 637 constituerat,

467 673 755 742 promissis
793 669 1098 724 .uberrimis
1150 661 1388 736 aggressi
1445 670 1593 727 sunt,
1627 670 1686 714 ut
1737 661 1919 730 aliqua
1953 674 2047 712 ra-

469 772 617 822 tione
650 763 833 819 Persis
853 761 1179 814 reditioncnt
1212 757 1268 810 in
1303 755 1487 810 Asiam
1521 753 1900 825 persuaderet,
1924 767 2051 806 cum

469 863 694 926 propter
726 866 846 904 eam
879 846 1214 902 iunctionem
1273 843 1408 912 ipsis
1432 842 1543 912 jam
1577 840 1868 895 familiaris
1896 838 2051 892 vide-

470 954 716 1004 retur.et
747 941 892 1012 quod
924 938 1144 992 Persice
1172 937 1522 1005 loquebatur.
1557 933 1721 987 ctiam
1754 932 1823 986 ab
1863 931 2055 985 iisdem

474 1054 576 1109 pro
619 1033 884 1088 benevolo
934 1031 1256 1083 haberetur.
1291 1025 1389 1080 llic
1449 1025 1774 1079 diuturnam
1816 1039 1845 1078 a
1881 1024 2057 1093 patria

474 1130 776 1186 absentiam
812 1124 919 1178 illis
965 1123 1247 1176 molestam
1309 1133 1430 1174 esse
1467 1116 1790 1188 conjiciens,
1829 1117 2060 1171 ducibus

474 1218 819 1289 potissimum
867 1211 1146 1266 exercitus
1204 1207 1496 1262 consilium
1527 1207 1620 1260 dat
1653 1222 1760 1260 non
1795 1217 2052 1274 Oportere

473 1323 582 1365 tam
618 1307 914 1377 longinquo
950 1313 1194 1371 tempore
1228 1297 1541 1354 domesticis
1590 1297 1875 1369 neglectis,
1909 1311 2061 1366 pere-

473 1419 566 1473 gre
599 1402 766 1454 vitam
799 1397 1055 1451 miseram
1089 1394 1340 1461 exigere,
1363 1393 1454 1446 sed
1474 1392 1635 1446 simul
1660 1406 1854 1444 omnes
1886 1390 2057 1442 Amu-

476 1495 617 1547 rium
643 1488 960 1552 convenire,
1003 1486 1071 1540 ab
1097 1500 1274 1555 eoque
1324 1482 1559 1538 reditum
1597 1481 1865 1552 ﬂagitare,
1909 1495 2062 1534 asse-

490 1598 793 1652 vierareque
827 1595 885 1634 se
925 1582 976 1632 in
1011 1576 1214 1631 exteris
1249 1577 1387 1630 locis
1445 1575 1589 1628 ultra
1647 1591 1753 1627 non
1790 1589 1949 1643 posse
1981 1572 2062 1624 vi~

477 1692 626 1736 vere,
659 1688 782 1726 cum
845 1668 1144 1724 domestica
1201 1666 1588 1737 procuratione
1636 1664 1866 1718 maxime
1919 1663 2064 1716 indiv-

479 1775 640 1835 guunt
692 1762 846 1816 llaud
881 1760 1025 1814 enim
1077 1774 1139 1811 ea
1186 1758 1504 1811 conditione
1538 1757 1644 1809 huc
1669 1754 1969 1825 profectos,
2001 1761 2064 1806 ut

2156 573 2459 642 συνθήκας.
2519 565 2579 622 ‘0
2610 567 2654 618 δ’
2689 567 2897 634 ἔφασκε
2937 562 3015 632 μὴ
3052 561 3336 627 δύνασθαι,
3395 560 3560 630 ἄχρις
3589 563 3652 616 ιν
3673 565 3718 616 οι

2154 664 2363 735 Πέρσαι
2393 657 2772 730 ἐνδιατρίϐωσι
2815 657 2882 727 τῇ
2918 655 3109 728 Θράκῃ
3135 671 3152 686 ο
3186 653 3252 707 ἂν
3311 655 3371 707 δέ
3414 671 3525 707 τινι
3551 655 3720 725 τρόπῳ

2153 755 2414 808 δύνωνται
2449 750 2660 805 πείθειν
2690 748 2998 818 ἀποχωρεῖν
3016 748 3096 810 είς
3125 744 3225 815 τὴν
3254 744 3471 809 Ἀσίαν,
3496 747 3607 798 τότ’
3631 749 3723 817 ἤδη

2156 844 2600 915 Καντακουζηνῷ
2623 843 3082 911 ἐπιστρατεύσειν
3114 839 3537 910 προθυμότατα.
3565 840 3722 894 τοῦτο

2159 940 2258 1009 μὲν
2285 934 2380 992 οὗν
2421 937 2622 1008 ἐτέρας
2677 935 2856 988 ἐδεῖτο
2917 933 3292 1005 παρασκευῆς,
3319 933 3431 988 ’καὶ
3482 951 3728 1004 πραγμα-

2155 1028 2307 1090 τείας
2332 1029 2392 1080 οὑ
2421 1027 2520 1096 τῆς
2549 1025 2843 1095 τυχούσης.
2871 1025 3064 1094 Ὅμως
3093 1023 3194 1076 οὑκ
3228 1025 3443 1092 ἔχοντες
3470 1025 3580 1094 ὅτῳ
3603 1025 3728 1094 χρή-

2160 1137 2342 1174 σονται
2388 1119 2586 1188 ἑτέρῳ,
2654 1116 2972 1192 ἐτράπησαν
3028 1115 3116 1168 ἐπὶ
3167 1114 3349 1180 τοῦτο,
3413 1116 3510 1168 καὶ
3557 1115 3729 1185 κρύφα

2158 1212 2637 1281 προσπέμποντες,
2655 1209 2964 1279 διελέγοντο
3011 1208 3070 1260 Ἀ
3082 1208 3182 1278 μοὺ
3191 1225 3241 1276 ρ,
3261 1209 3525 1277 χρήματα
3554 1207 3734 1260 δώσειν

2159 1303 2628 1373 ἐπαγγελλόμενοι
2656 1300 2852 1366 πολλὰ,
2891 1302 2942 1354 εί
2972 1300 3297 1370 πειθόμενος
3348 1300 3537 1363 αὑτοῖς
3562 1300 3732 1353 οίκαδε

2159 1394 2589 1465 ἀναχωρήσειεν.
2634 1394 2722 1457 Ὦς
2754 1395 2810 1446 δέ
2832 1393 2984 1446 οὑδέν
3006 1393 3113 1446 τῶν
3145 1391 3592 1461 βεϐουλευμένων
3616 1390 3735 1461 ἡδύ-

2163 1504 2324 1540 ναντο
2355 1487 2566 1551 ἀνύειν,
2595 1485 2697 1548 τὰς
2731 1487 2985 1549 τοιαύτας
3037 1485 3373 1554 ὑποσχέσεις
3411 1485 3622 1554 ψόφους
3656 1501 3737 1535 κει

2162 1580 2286 1640 νοῦς
2317 1577 2530 1630 ἐκείνου
2555 1575 2938 1646 λογισομένου,
2958 1575 3045 1644 ἐφ’
3068 1576 3264 1645 ἑτέραν
3292 1577 3597 1645 ἐτράποντο
3625 1577 3737 1627 ἐπι·

2162 1664 2382 1734 ϐουλήν.
2427 1664 2533 1717 Καὶ
2579 1663 3003 1735 Μαυρομμᾶτην
3061 1666 3186 1718 τινὰ
3239 1665 3305 1718 ἐκ
3349 1665 3738 1732 Φιλαδελφείας

2163 1757 2311 1820 ὄντα,
2351 1755 2408 1820 δς
2443 1755 2547 1808 ὑπὸ
2572 1754 3032 1822 Καντακουζηνοῦ
3072 1755 3166 1809 τοῦ
3198 1755 3471 1826 βασιλέως
3491 1757 3740 1824 προσετέ-

482 1858 864 1924 imperatorem
900 1859 1165 1919 perpetuo
1209 1854 1636 1909 assectarentur,
1681 1845 1775 1900 sed
1827 1854 1886 1898 ut
1929 1860 2058 1900 cum

2172 1864 2334 1901 τακτο
2361 1847 2460 1918 τὴν
2515 1846 2638 1899 καθ’
2666 1847 2883 1917 ἡμέραν
2924 1847 3034 1900 τῶν
3074 1847 3401 1917 ἐπιτηδείων
3441 1849 3635 1916 χρείαν
3665 1847 3738 1916 τῷ

482 1963 529 1997 ιιι
571 1951 840 2012 quantum
894 1939 1085 1991 liceret
1140 1937 1387 1990 subsidio
1439 1937 1694 1999 inissent,
1721 1934 1942 1987 domum
1971 1947 2059 1987 re-

484 2041 746 2087 mearent.
776 2029 932 2084 Nunc
977 2044 1084 2082 non
1112 2044 1301 2098 parum
1333 2027 1426 2082 diu
1455 2035 1598 2081 totos
1630 2027 1840 2080 scilicet
1867 2024 2059 2078 decem

485 2141 700 2180 incuses
732 2124 786 2177 in
823 2120 940 2175 solo
982 2121 1232 2176 Rmuano
1261 2120 1504 2174 btesisse.
1537 2117 1692 2186 Quod
1739 2119 1784 2172 si
1813 2133 1909 2172 eos
1935 2117 2061 2171 diu-

485 2222 594 2273 tius
635 2220 873 2272 rclinere
909 2227 1220 2278 conaretur,
1254 2201 1319 2266 ne
1335 2213 1802 2282 obtemperarent,
1830 2208 2066 2263 ulterio-

486 2326 710 2381 remque
771 2323 976 2364 moram
1041 2308 1211 2360 litcre
1286 2311 1696 2358 aversarentur.
1775 2302 2060 2356 Amurium

483 2406 686 2473 quippe
712 2404 968 2458 statuisse
999 2399 1186 2455 tandiu
1218 2398 1308 2452 hic
1332 2396 1474 2468 apud
1506 2397 1898 2466 imperatorem
1930 2407 2061 2464 per-

483 2513 763 2560 severare,
784 2493 964 2565 quoad
996 2508 1120 2546 eum
1149 2491 1406 2544 hostibus
1438 2489 1776 2558 superiorem
1794 2485 2064 2550 ellecerit,

413 2636 416 2638 _
489 2589 627 2642 etin
665 2587 765 2640 hoc
788 2586 906 2640 solo
953 2585 1180 2638 multam
1219 2597 1408 2635 curam
1463 2594 1810 2643 consumere,
1833 2579 2065 2633 salutem

475 2694 718 2742 suorum
793 2678 1029 2731 militum
1090 2673 1458 2743 laborumque
1520 2673 1850 2726 levationem
1929 2669 2069 2723 nihil

490 2773 644 2841 pensi
691 2771 915 2824 habere.
953 2766 1007 2820 Si
1045 2767 1337 2837 penuriam
1395 2764 1620 2818 navium
1665 2762 1868 2831 quibus
1909 2761 1963 2814 in
2000 2758 2073 2814 A-

491 2865 624 2916 siam
669 2859 940 2930 trajiciant
967 2855 1253 2917 obtendat,
1279 2869 1337 2908 se
1369 2853 1491 2906 illos
1512 2868 1577 2906 ex
1615 2851 1715 2905 ista
1749 2848 2072 2904 dillicultale

490 2953 914 3022 expiicaturum,
958 2946 1216 3016 Byzantio
1267 2944 1473 3000 etenim
1525 2943 1838 3012 complures
1877 2939 2071 3003 aﬂ'orc,

491 3046 690 3116 quibus
716 3059 864 3097 mare
896 3041 1288 3095 transmittant.
1325 3037 1400 3090 Ad
1433 3037 1549 3091 hzcc
1580 3037 1808 3105 gratiam
1843 3033 1948 3086 illis
1978 3032 2074 3085 ha-

492 3135 687 3195 bitum,
731 3143 783 3187 et
816 3132 1104 3203 pecuniam
1139 3142 1344 3201 quanto
1380 3143 1517 3197 opus
1551 3129 1619 3180 sit
1660 3125 2069 3194 suppeditatum

493 3229 583 3283 iri.
619 3229 854 3281 llicrant
891 3226 1142 3279 hortatus
1181 3221 1609 3283 Manrommatis,
1637 3220 1730 3288 qui
1765 3235 1864 3270 nec
1895 3217 2077 3272 Persis
2103 3197 2147 3253 θ

494 3319 881 3387 ιιὶειιιίοιτιμίιιιι.
943 3318 1108 3387 578
1179 3316 1255 3368 Ad
1319 3323 1590 3382 satrapam
1672 3312 1839 3381 igitur
1915 3325 2077 3362 suum

494 3413 718 3473 adeunt,
777 3424 941 3478 super
988 3409 1166 3460 reditu
1219 3420 1319 3458 suo
1367 3402 1834 3473 quemadmodum
1870 3416 1899 3454 a
1933 3401 2076 3454 Mau-

497 3509 764 3554 rommate
815 3499 994 3554 edocti
1039 3501 1281 3558 fuerant,
1321 3498 1485 3549 verba
1545 3493 1771 3548 faciunt.
1818 3492 2080 3546 Amurius

499 3593 775 3663 principio
805 3607 872 3645 eo
902 3606 1156 3645 sermone
1191 3588 1546 3642 vehementer
1573 3587 1990 3654 obstupescere,
2022 3595 2080 3639 et

499 3683 711 3747 tnirari,
739 3683 830 3750 qui
858 3681 959 3736 ista
990 3695 1086 3735 eos
1108 3679 1363 3750 cogitatio
1396 3679 1672 3732 subiissct.
1698 3676 1902 3732 Deinde
1943 3675 2078 3731 eniti

502 3784 560 3827 ut
586 3776 706 3828 illos
736 3775 800 3827 ad
835 3778 1222 3843 imperatorem
1265 3785 1427 3840 porro
1458 3769 1826 3840 adjuvandum
1877 3768 2081 3822 retine-

499 3877 580 3919 ιρι
614 3883 626 3918 :
659 3865 1018 3918 necessariam
1079 3863 1225 3916 enim
1287 3878 1478 3916 eorum
1534 3876 1654 3916 esse
1707 3861 2077 3931 prmsentiam,

499 3958 590 4026 qui
627 3957 668 4010 si
708 3956 1054 4022 recesserint,
1085 3972 1180 4026 per
1200 3972 1337 4025 quos
1366 3955 1636 4024 praecipue
1666 3953 2077 4014 defenderetur,

502 4051 686 4101 hostes
725 4065 849 4101 mox
894 4047 1183 4102 confertim
1239 4049 1501 4116 impetum
1555 4047 1610 4100 in
1658 4061 1782 4101 eutn
1818 4043 2078 4098 facturos.

501 4141 606 4193 Sed
639 4139 742 4192 hoc
774 4151 888 4193 erat
923 4139 1152 4192 nebulas
1183 4138 1574 4201 diverberare;
1621 4139 1795 4208 palam
1845 4149 2081 4206 namque

502 4230 923 4298 proﬁtebantur,
960 4228 1062 4280 nisi
1106 4243 1230 4280 cum
1266 4227 1397 4297 ipsis
1422 4228 1652 4296 patriam
1704 4234 1995 4295 repeteret,
2023 4239 2082 4278 se

502 4320 822 4388 Byzantium
869 4317 1146 4387 profectos
1183 4318 1365 4385 (unde
1399 4320 1506 4388 jam
1537 4317 1878 4382 accepissent
1918 4315 2079 4370 iidem

506 4411 804 4478 publicam,
841 4425 950 4478 quo
1015 4409 1194 4461 securi
1250 4421 1438 4462 essent
1469 4409 1486 4476 )
1524 4408 1652 4461 inde
1682 4408 1734 4459 in
1772 4407 2080 4477 Bithyniam

504 4505 801 4560 soluturos,
826 4507 949 4566 post
979 4513 1074 4567 per
1100 4499 1413 4570 Phrygiam,
1441 4505 1494 4549 ct
1521 4496 1735 4550 Cariam
1772 4497 1824 4549 in
1873 4497 2078 4550 laniant

506 4602 788 4644 venturos.
822 4591 1144 4661 Interrogati
1171 4603 1404 4659 quonatn
1439 4588 1520 4641 usi
1552 4588 1781 4650 arbitro,
1812 4604 1906 4642 seu
1928 4589 2078 4658 paci-

506 4682 730 4734 lic.ttore
763 4695 887 4734 cum
926 4681 1202 4752 Byzantiis
1226 4679 1402 4733 {cadus
1433 4677 1786 4748 pepigissent,
1823 4680 1941 4747 ejus
1974 4692 2073 4732 no-

505 4787 628 4825 men
661 4787 716 4826 se
752 4772 996 4826 edituros
1029 4769 1388 4841 negaverunt,
1431 4771 1650 4838 quando
1701 4770 1749 4824 ei
1799 4769 2075 4822 silentium

500 4865 826 4934 juraverint.
865 4864 942 4918 Ad
986 4863 1295 4933 quindenos
1357 4864 1578 4916 otnnino
1612 4860 1729 4915 dies
1782 4863 2065 4922 Amurius,

505 4956 847 5011 cuml‘ersis
884 4957 1230 5009 continenter
1278 4961 1487 5024 agendo
1563 4953 1965 5023 laborandoque
2012 4969 2080 5007 ne

507 5046 561 5099 in
613 5046 797 5100 Asiam
848 5048 1174 5115 cogitarent,
1213 5047 1576 5112 consumpsit.
1608 5042 1710 5097 Ubi
1751 5057 1808 5096 se
1852 5040 2082 5096 mortuis

505 5138 891 5192 roncionatnm
918 5135 1072 5196 vidit,
1107 5149 1369 5204 perquam
1422 5134 1592 5188 tristis
1629 5133 1947 5204 imperatori
1969 5149 2083 5188 om-

506 5228 596 5281 nia
623 5227 897 5297 exposuit,
932 5226 1101 5280 Deum
1122 5235 1354 5280 testatur
1383 5242 1440 5282 se
1468 5227 1689 5296 quidem
1712 5225 1777 5281 ad
1812 5225 1993 5296 ipsum
2019 5240 2082 5281 eo

508 5319 675 5388 scopo
708 5320 944 5380 venisse,
965 5325 1026 5369 ιιι
1048 5326 1173 5370 ante
1199 5331 1228 5371 e
1249 5319 1406 5371 iitum
1439 5317 1565 5372 belli
1595 5317 1757 5385 hujus
1787 5317 1854 5369 ab
1882 5331 1947 5370 eo
1975 5333 2082 5369 non

506 5411 837 5471 discederet,
895 5422 945 5462 et
995 5424 1094 5490 eos
1153 5409 1444 5477 delegisse,
1481 5425 1620 5480 quos
1653 5410 1705 5462 itt
1738 5409 1931 5476 primis
1960 5423 2085 5476 pro-

505 5511 630 5572 pter
661 5503 965 5554 animorum
999 5503 1050 5554 in
1085 5515 1142 5554 se
1177 5501 1599 5570 propensionem
1634 5499 1811 5553 cuivis
1843 5497 2086 5568 periculo

507 5607 672 5662 pares
700 5591 912 5646 futuros
937 5591 1283 5662 speravisset.
1321 5592 1475 5648 Nunc
1495 5608 1718 5662 prorsus
1741 5602 1930 5646 contra
1961 5605 2087 5644 eve-

509 5683 672 5737 nisse.
712 5684 1022 5738 Exercitum
1081 5684 1225 5739 enim
1281 5702 1308 5739 a
1343 5685 1703 5739 clandestinis
1758 5683 2085 5752 quihusdam

509 5773 872 5843 intperatricis
926 5774 1232 5831 fautoribus
1296 5786 1641 5846 corruptum,
1671 5785 1724 5831 et
1769 5775 1833 5829 ad
1883 5774 2087 5844 patrias

2175 1938 2388 2010 ’Λμοὺρ
2441 1939 2820 2008 ἀποπληροῦν,
2851 1938 3040 1992 τοῦτον
3072 1938 3137 2009 δὴ
3175 1938 3399 1992 ἔπεισαν
3425 1939 3739 2008 ὑποσχέσεσι

2164 2032 2433 2102 μεγάλαις
2461 2030 2563 2100 τὴν
2597 2030 2826 2098 Περσῶν
2871 2032 3137 2102 στρατιὰν
3172 2031 3366 2102 τρόπῳ
3403 2031 3466 2101 δή
3493 2050 3599 2084 τινι
3631 2033 3740 2084 πεί-

2163 2120 2278 2173 θειν
2309 2121 2612 2190 ἀναχωρεῖν
2642 2120 2779 2190 προς
2813 2119 2912 2191 τὴν
2941 2119 3172 2177 οίκείαν.
3220 2119 3290 2174 '0
3320 2121 3400 2185 δὲ,
3428 2123 3536 2192 ηδη
3558 2122 3740 2190 ἔπιτε-

2162 2208 2307 2271 δειός
2355 2223 2414 2261 τε
2455 2202 2595 2261 εἶναι
2658 2193 2898 2278 Πέρσαις
2927 2209 3103 2262 δοκῶν
3152 2209 3242 2263 διὰ
3279 2211 3378 2280 τὴν
3407 2211 3733 2281 ὑπηρεσίαν,

2163 2299 2342 2363 ἄλλως
2398 2299 2556 2353 θ’δτι
2606 2299 2701 2352 καὶ
2763 2303 3020 2370 περσιστὶ
3088 2301 3499 2372 διαλεγόμενος,
3551 2303 3734 2365 εὔνοος

2165 2390 2352 2452 αὑτοῖς
2370 2390 2566 2454 ἐδόκει,
2624 2390 3026 2461 στοχαζόμενος
3088 2393 3165 2457 ὡς
3232 2394 3483 2464 ἄχθοιντο
3528 2397 3618 2449 διᾶ
3652 2398 3740 2467 την

2167 2481 2396 2550 χρονίαν
2437 2479 2545 2534 τῶν
2595 2481 2786 2534 οἰκιῶν
2828 2481 3160 2553 ἀποδημίαν,
3227 2485 3584 2540 συνεϐούλευε
3637 2491 3739 2550 τῶς

2167 2572 2496 2642 ἡγουμένοις
2557 2572 2798 2643 μάλιστα
2864 2576 2976 2637 τοῖς
3039 2578 3332 2647 στρατιᾶς,
3418 2581 3494 2641 ὡς
3527 2581 3586 2631 ού
3632 2581 3740 2633 δέον

2169 2661 2312 2714 οὑτω
2339 2661 2592 2716 τοσοῦτον
2623 2665 2812 2734 χρόνον
2865 2663 3240 2737 ταλαιπωρεῖν
3285 2667 3381 2720 ἐπὶ
3431 2669 3535 2737 τῆς
3571 2671 3740 2741 ξένης,

2171 2754 2562 2824 ἀμελήσαντας
2599 2756 2710 2808 τῶν
2737 2755 2902 2822 οἶκοι,
2934 2756 3052 2810 ἀλλ’
3091 2758 3209 2828 ἅμα
3258 2759 3471 2824 πάντας
3515 2765 3740 2833 προσελ-

2173 2844 2364 2910 θόντας
2393 2845 2470 2916 τῷ
2519 2846 2733 2916 Ἀμοὺρ
2783 2847 2992 2900 δεῖσθαι
3023 2849 3153 2918 περὶ
3198 2850 3459 2904 ἐπανόδου
3486 2869 3503 2885 ο
3545 2857 3741 2924 ἰσχυρί-

2174 2935 2364 2999 ζεσθαί
2393 2953 2452 2989 τε
2483 2937 2559 3001 ὡς
2599 2939 2785 2992 ούκέτι
2805 2939 3042 2994 δύναιντ’
3079 2939 3152 2994 ἂν
3187 2943 3282 2997 ἐπὶ
3309 2945 3412 3013 τῆς
3447 2943 3607 3016 ξένης
3638 2948 3738 3000 δια-

2172 3029 2404 3098 τρίϐειν,
2441 3029 2552 3083 τῶν
2605 3031 2744 3084 οίκοι
2795 3034 3033 3102 μάλιστα
3086 3036 3409 3104 ἐπιμελείας
3454 3038 3732 3110 δεομένων.

2175 3119 2250 3171 Οὑ
2283 3121 2394 3190 γὰρ
2427 3122 2518 3172 ἐπὶ
2545 3119 2756 3186 τούτοις
2782 3125 3018 3179 ἐνταῦθα
3053 3127 3383 3196 ἀῳικέσθαι,
3413 3129 3552 3182 ὥστε
3584 3133 3734 3204 μέχρι

2180 3212 2383 3273 παντὸς
2426 3215 2668 3284 συνεῖναι
2721 3215 2951 3285 βασιλεῖ,
2981 3217 3098 3271 ἀλλ’
3146 3220 3601 3291 ἐπιμαχήσαντας
3629 3223 3737 3276 ὅσον

2182 3303 2416 3369 ἔξεστιν,
2454 3301 2613 3370 αὖθις
2650 3308 3032 3380 ἀναστρέφειν.
3079 3311 3217 3364 Νυνὶ
3264 3311 3319 3365 δέ
3380 3311 3520 3368 εἶναι
3563 3316 3623 3367 ού
3653 3332 3737 3385 ps-

2179 3394 2334 3464 τρίαν
2367 3395 2462 3464 τὴν
2482 3393 2766 3465 διατριϐὴν
2789 3399 2878 3450 ἐπὶ
2895 3398 3026 3452 δέκα
3070 3403 3235 3468 μησὶν
3267 3401 3321 3453 ἐν
3352 3403 3420 3472 τῇ
3462 3401 3732 3471 Ῥωμαίων

2180 3487 2552 3555 γεγενημένην
2583 3502 2596 3515 ·
2628 3486 2694 3557 ἢν
2724 3488 2767 3542 δ’
2786 3489 3036 3560 ἐπιχειρῇ
3061 3493 3154 3545 καὶ
3183 3489 3364 3556 αὖθις,
3392 3493 3619 3562 ἔφασκε,
3648 3511 3732 3545 κα-

2145 3576 2378 3644 δτέχειν,
2431 3576 2546 3628 ἀλλ’
2579 3577 2738 3647 ὑμεῖς
2766 3580 2840 3651 μὴ
2869 3581 3142 3645 πείθεσθε,
3189 3581 3306 3635 ἀλλ’
3326 3584 3728 3653 ἀπαγορεύσαττ

2182 3669 2434 3740 φανερῶς
2461 3670 2560 3741 τὴν
2593 3671 2856 3727 ἐπιπλέον
2878 3673 3187 3746 διατριϐήν.
3213 3673 3417 3747 Ἀμοὺρ
3447 3679 3553 3748 γὰρ
3579 3677 3732 3738 οὑτως

2180 3761 2439 3828 ἔγνωκεν,
2475 3763 2551 3826 ὡς
2576 3761 2816 3819 ἐνταῦθα
2879 3767 3240 3837 συνεσόμενος
3273 3768 3508 3838 βασιλεῖ,
3543 3769 3643 3838 ἕως
3678 3768 3733 3821 ἂν

2178 3853 2289 3905 τῶν
2316 3853 2592 3925 πολεμίων
2625 3859 3033 3931 παρασκευάσῃ
3067 3861 3476 3932 περιγενέσθαι,
3507 3862 3599 3915 καὶ
3624 3861 3734 3912 τούς

2179 3961 2274 3997 του
2301 3944 2466 4014 μόνου
2498 3946 2698 4018 πολλὴν
2732 3952 2970 4004 ποιεῖται
3007 3952 3102 4023 τὴν
3152 3953 3432 4023 φροντίδα.
3469 3953 3733 4022 Σωτηρὴς

2179 4037 2236 4090 δέ
2269 4038 2422 4108 ὑμῶν
2457 4042 2551 4093 καὶ
2612 4042 2901 4115 ἀνακωχῆς
2957 4043 3064 4096 τῶν
3101 4045 3276 4098 πόνων
3335 4045 3497 4112 λόγος
3524 4046 3680 4106 οὐδεὶς
3716 4045 3752 4072 ’⁸

2185 4126 2253 4180 ἂν
2279 4126 2335 4179 δέ
2369 4129 2504 4179 νεῶν
2529 4129 2767 4200 ἀπορίαν
2815 4133 3226 4204 προφασίζηται
3285 4140 3342 4188 ἐν
3372 4129 3463 4196 αἷς
3484 4132 3732 4188 ἀποπλεύ-

2183 4233 2315 4287 σητε
2348 4222 2428 4284 εἰς
2464 4219 2675 4288 Ἀσίαν,
2705 4222 2816 4290 ἐγὼ
2851 4224 2979 4295 ὑμῖν
3007 4226 3104 4278 καὶ
3141 4226 3349 4296 ταύτην
3383 4227 3483 4296 τὴν
3522 4226 3732 4295 ἀπορίαν

2183 4308 2350 4362 λύσω.
2397 4309 2494 4366 Ἐκ
2533 4313 2832 4377 Βυζαντίου
2897 4317 3004 4387 γὰρ
3055 4319 3373 4372 ἐλεύσονται
3417 4319 3624 4380 πολλαὶ,
3675 4319 3725 4368 ἐν

2185 4399 2272 4464 αἷς
2305 4404 2707 4473 περαιώσεσθε,
2750 4407 2886 4478 πρὸς
2915 4409 2990 4478 τῷ
3023 4410 3117 4461 καὶ
3150 4410 3311 4480 χάριν
3342 4410 3581 4473 ἐκείνους
3613 4409 3726 4477 ὑμῖν

2117 4491 2432 4580 ῐ)είδένειι,
2504 4496 2598 4547 καὶ
2647 4498 2906 4567 χρήματα
2979 4501 3359 4570 παρασχέσθαι
3440 4500 3533 4570 τῆς
3612 4501 3716 4552 ἀντ-

2194 4585 2510 4653 χωρήσεως.
2561 4585 2803 4642 Τοιαῦτά
2866 4606 2924 4642 τε
2979 4589 3209 4662 παρῄνει
3260 4593 3356 4645 καὶ
3378 4592 3578 4653 ἔπειθε,
3609 4591 3727 4644 κατά

2186 4679 2416 4746 γνώμην
2444 4676 2574 4731 δντα
2601 4683 2698 4731 καὶ
2728 4681 2930 4745 αὑτοῖς.
2965 4683 3074 4734 Καὶ
3103 4682 3180 4752 τῷ
3220 4683 3468 4754 σφετέρῳ
3501 4679 3724 4752 σατράπῃ

2180 4767 2566 4838 προσελθόντες
2594 4768 2821 4842 ’Λμοὺρ,
2854 4791 2916 4825 πε
2926 4776 2981 4844 ρὶ
3017 4775 3115 4845 τῆς
3145 4775 3404 4829 ἐπανόδου
3432 4775 3725 4840 διελέγοντο.

2181 4859 2368 4931 ὥσπερ
2415 4861 2520 4914 ὑπὸ
2550 4864 2960 4933 Μαυρομμάτου
3021 4865 3401 4936 ἐδιδάχθησαν.
3440 4868 3632 4936 ’Δμοὺρ
3676 4863 3724 4915 δέ

2183 4952 2379 5019 πρῶτα
2432 4952 2532 5019 μὲν
2575 4951 2952 5023 ἐξεπέπληκτο
3008 4954 3198 5018 δεινῶς
3228 4957 3355 5019 τοὺς
3392 4957 3596 5024 λόγους,
3647 4953 3724 5005 καὶ

2186 5042 2497 5113 ἐθαύμαζεν
2525 5045 2644 5098 ὅθεν
2663 5047 2741 5109 είς
2755 5047 2977 5100 τοιαῦτα
3002 5049 3345 5118 προαχθεῖεν.
3377 5048 3595 5101 Ἔπειτα
3616 5047 3723 5099 ἐπει

2183 5137 2354 5206 χείρει
2383 5137 2616 5204 πείθειν,
2657 5137 2732 5202 ὡς
2781 5139 2897 5191 δέον
2928 5139 3008 5192 ἔτι
3045 5140 3363 5211 περιμένειν
3409 5137 3723 5208 smmum-3.-

2185 5245 2281 5290 τας
2309 5227 2556 5297 βασιλεῖ·
2591 5229 2895 5295 ἀναγκαίαν
2943 5231 3052 5300 γὰρ
3095 5229 3235 5284 εἶναι
3281 5233 3382 5302 τὴν
3424 5231 3592 5286 αὐτῶν
3632 5245 3720 5279 πα-

2192 5319 2433 5388 ρουσίαν,
2467 5319 2676 5372 πολλῶν
2715 5321 2918 5374 αὐτίκα
2964 5323 3400 5392 ἐπικεισομένων
3456 5321 3719 5390 πολεμξων,

2186 5412 2252 5464 ἂν
2291 5412 2445 5464 αὑτοὶ
2477 5413 2821 5482 ἀναχωρῶσι,
2859 5415 3096 5481 μάλιστα
3123 5415 3191 5466 δι’
3221 5416 3416 5479 αὐτοῦς
3477 5410 3718 5485 ἁμυνομέο

2189 5519 2317 5555 νων’
2356 5503 2485 5574 ἤνυε
2537 5504 2594 5556 δὲ
2634 5505 2806 5560 οὐδέν.
2845 5505 3095 5575 Ἐφασαν
3138 5509 3244 5578 γὰρ
3303 5507 3623 5577 ἀναφανδὸν,
3653 5501 3718 5562 ὡς

2191 5597 2240 5648 εἰ
2284 5601 2356 5664 μὴ
2388 5597 2632 5667 βούλοιτο
2674 5600 2769 5652 σὺν
2803 5599 2990 5662 αὑτοῖς
3022 5604 3276 5664 κάκεῖνος
3307 5601 3494 5655 οἴκαδε
3536 5601 3720 5664 ἀναχω-

2193 5690 2325 5756 ρεῖν.
2382 5689 2498 5740 ἀλλ’
2549 5692 2703 5744 αὑτοὶ
2735 5691 2868 5761 πρὸς
2902 5691 3197 5765 Βυζάντιφ
3243 5693 3504 5757 ἐλθόντες·
3538 5691 3718 5747 πίστις

2191 5779 2296 5848 γὰρ
2358 5780 2545 5833 λαϐεῖν
2586 5783 2798 5835 ἐκεῖθεν
2853 5781 2947 5835 τοῦ
3011 5785 3082 5852 μὴ
3145 5785 3584 5853 ἐπιϐουλευθῆναι
3634 5771 3718 5830 ὑπ’
