3962 6574
301 457 442 522 I097

1433 456 1977 518 HiSTORIARUM
2019 458 2251 518 LIBER
2299 459 2406 520 III.

3408 466 3536 528 i038

292 571 496 633 αὐτῶν,
525 572 920 638 περαιὼσονται
957 571 1091 639 πρὶς,
1129 568 1387 623 ο.θυνίαν
1414 585 1428 600 ·
1457 565 1576 622 εἶτα
1610 567 1698 620 διὰ
1727 569 1856 636 Φρυ·

1968 568 2128 624 setles
2153 571 2473 637 repetendas
2509 571 2794 639 impulsum
2825 585 2965 626 esse.
2996 574 3242 642 Cumque
3287 591 3382 644 per
3427 587 3543 633 dies

294 664 419 729 γίας
467 661 562 713 καὶ
595 660 806 731 Καρίας
839 659 1119 728 ἀφίξονται
1157 663 1238 724 είς
1275 660 1510 714 Ἰωνίαν.
1564 660 1858 729 Ἐρομένου

289 754 350 808 δὲ
383 752 547 807 αὑτοῦ
587 754 690 805 τίνι
719 754 995 821 χρώμενοι
1023 751 1314 823 διαλλακτῇ
1351 750 1450 815 τὰς
1483 753 1620 820 πρὸς
1649 750 1859 814 Βυζαν-

291 846 442 906 τίους
468 843 801 912 ποιήσαιντο
852 843 1148 912 συνθήκας,
1197 843 1295 917 οὐκ
1329 844 1534 911 ἔφασαν
1565 843 1862 912 κατάδηλον

298 936 547 1004 ποιήσειν
577 935 930 1003 ὀμωμοκότες
965 935 1360 1004 ἀποκρύπτειν.
1404 934 1530 986 Ἐπὶ
1578 936 1862 988 πεντεκαί-

286 1025 424 1078 δεκα
454 1026 554 1094 μὲν
586 1021 682 1078 οὖν
713 1025 950 1096 ἡμέραις
977 1027 1006 1076 ὁ
1039 1025 1240 1095 Ἀμοὺρ
1274 1029 1384 1088 τοῖς
1423 1027 1659 1096 Πέρσαις
1691 1026 1862 1078 διετέ-

288 1117 413 1169 λεσε
445 1116 856 1187 διαλεγόμενος,
889 1118 987 1170 καὶ
1022 1116 1236 1172 πείθειν
1264 1118 1560 1188 ἐπιχειρῶν
1599 1119 1671 1188 μὴ
1695 1119 1860 1170 ἅπαξ.

287 1222 410 1274 ρειν
438 1208 516 1268 είς
544 1203 749 1258 Ἀσίαν.
782 1206 932 1258 Ἐπεὶ
947 1205 1004 1258 δὲ
1026 1206 1260 1276 ἀνήνυτα
1285 1209 1460 1260 πονῶν
1492 1206 1658 1278 ἑώρα,
1685 1209 1861 1278 ἀπήγ-

288 1297 451 1364 γελλε
483 1298 662 1362 πάντα
722 1296 937 1366 βασιλεῖ
985 1297 1122 1368 μετὰ
1185 1298 1387 1368 πολλῆς
1449 1298 1548 1366 τῆς
1571 1297 1810 1368 ἀθυμίας
1841 1314 1856 1328 ο

289 1391 386 1443 καὶ
421 1388 759 1458 ἐμαρτύρετο
786 1387 944 1452 Θεὸν,
973 1395 1051 1453 ῶς
1081 1389 1242 1453 αὐτὸς
1279 1391 1383 1460 μὲν
1407 1389 1632 1460 τοιαύτῃ
1665 1387 1857 1460 γνώμη

289 1483 431 1550 πρὸς
457 1481 624 1534 αὐτὸν
652 1481 925 1547 ἀφίκοιτο,
963 1481 1038 1545 ὡς
1065 1482 1218 1550 αὐτῷ
1262 1481 1656 1553 συνδιατρίψων
1701 1482 1859 1551 ἄχρις

286 1574 358 1627 ἄν
394 1591 448 1626 τι
477 1573 570 1626 τοῦ
604 1573 724 1626 νυνὶ
748 1573 989 1644 πολέμου
1026 1574 1200 1645 πέρας
1230 1573 1462 1642 γένοιτο,
1487 1574 1582 1626 καὶ
1609 1572 1685 1635 ὡς
1716 1573 1860 1626 ὲκεί-

286 1682 418 1729 νους
475 1664 752 1732 ὲκλέξοιτο
793 1667 1032 1720 συνεῖναι
1080 1661 1164 1728 οἷς
1217 1665 1452 1735 μάλιστα
1505 1664 1860 1738 ἐθάρῤει,ὃτι

286 1757 470 1810 πάντα
504 1756 749 1810 κίνδυνον
775 1756 1171 1826 ὑποστήσονται
1196 1756 1294 1825 τῆς
1319 1759 1397 1820 είς
1433 1756 1596 1810 αὐτὸν
1622 1756 1855 1822 εὐνοίας.

284 1845 427 1900 Νυνὶ
453 1846 510 1899 δὲ
555 1845 860 1900 τούναντίον
909 1845 1060 1900 ἅπαν
1086 1845 1434 1916 γεγενῆσθαι.
1463 1846 1536 1907 Τὸ
1556 1847 1666 1914 γὰρ
1693 1863 1858 1916 στρα-

1969 659 2282 729 quindecim
2327 675 2422 715 eos
2463 661 2699 716 retinere
2747 663 2982 718 annixus
3030 663 3218 728 fuerit,
3249 668 3422 721 satius
3459 671 3542 723 ni-

1970 750 2080 805 hilo
2109 751 2322 812 fecisse.
2356 751 2624 806 universis
2668 752 2736 806 ad
2780 755 3018 810 reditum
3072 757 3263 811 audaci
3306 761 3539 828 quodam

1967 855 2032 896 ac
2091 842 2382 896 temerario
2424 842 2630 910 impetu
2661 844 2968 908 concitatis,
3009 861 3110 900 nec
3154 863 3212 901 se
3256 859 3538 905 auctorem

1968 933 2131 1002 hujus
2163 933 2397 993 consilii,
2421 935 2773 1002 quantumvis
2800 937 2946 989 serio
2972 937 3365 1006 inquirentem,
3389 942 3542 996 inve-

1966 1028 2086 1081 nire
2119 1027 2228 1080 ullo
2278 1019 2441 1081 modo
2477 1029 2740 1096 potuisse.
2778 1027 3060 1100 Scitaqne
3103 1033 3278 1088 solum
3305 1048 3540 1102 restare,

1968 1122 2238 1168 carentem
2283 1117 2550 1178 exercitu,
2584 1117 2828 1187 ineptum
2879 1121 3157 1189 negotium
3197 1127 3539 1184 existimare.

1966 1205 2108 1270 Quid
2145 1207 2290 1260 enim
2337 1221 2436 1264 sua
2477 1209 2642 1264 unius
2691 1213 2980 1278 praesentia
3015 1202 3405 1272 conduxerit?
3436 1220 3534 1275 Sin

1966 1294 2082 1363 ipse
2115 1298 2302 1353 utilius
2349 1308 2592 1365 censeat,
2626 1315 2838 1371 suoque
2878 1304 3137 1375 suil‘ragio
3163 1312 3449 1377 approbet,
3480 1328 3539 1368 se

1965 1384 2187 1440 domum
2222 1387 2274 1441 in
2303 1404 2542 1456 praesens
2572 1405 2696 1445 cum
2719 1393 2895 1461 copiis
2926 1393 3322 1462 discessurum,
3353 1400 3541 1470 ibique

1965 1479 2110 1548 quod
2165 1480 2425 1536 facillime
2487 1483 2681 1551 possit,
2733 1498 2925 1552 ptenas
2967 1487 3056 1540 sui
3102 1497 3162 1542 et
3193 1490 3539 1557 imperatoris

1967 1568 2166 1639 proditi
2190 1586 2352 1640 quam
2380 1573 2755 1628 severissimas
2778 1581 3174 1644 expetiturum.
3207 1579 3399 1635 Postea
3443 1583 3542 1637 do-

1966 1677 2058 1716 mo
2083 1677 2176 1718 sua
2211 1664 2348 1719 bene
2382 1667 2706 1734 composita,
2737 1677 2792 1722 et
2817 1668 3091 1734 ordinata,
3115 1671 3389 1739 praefectis
3406 1689 3507 1742 pro
3525 1705 3537 1718 ι

1967 1754 2159 1809 vincia:
2184 1762 2238 1809 et
2261 1757 2674 1812 successoribus
2709 1768 2830 1828 post
2859 1770 3089 1816 mortem
3131 1777 3285 1817 suam
3315 1765 3539 1820 institu-

1969 1847 2036 1901 tis
2066 1846 2199 1916 (uon
2249 1847 2396 1901 enim
2432 1847 2573 1903 intra
2600 1848 2764 1905 breve
2799 1861 3012 1921 tempus
3049 1852 3104 1908 in
3145 1853 3330 1910 Asiam
3359 1871 3539 1912 rever.

282 1935 518 1989 τὸπεδον
559 1935 665 1990 ύπύ
693 1953 856 1990 τινων
886 1933 1128 1989 ἐνταῦθα
1177 1935 1244 1988 τὰ
1289 1935 1557 2006 βασιλίδος
1599 1937 1856 2006 φρονούν-

1962 1952 2174 2003 surum,
2207 1937 2301 1993 sed
2341 1946 2435 1992 aut
2481 1938 2682 1998 bellum
2725 1955 2850 1996 cum
2903 1958 2969 1996 eo
3006 1944 3413 2010 confecturum,
3441 1959 3538 2004 aut

283 2043 401 2078 των
455 2025 803 2096 διεφθάρθαι,
830 2049 837 2055 ·
861 2026 956 2079 καὶ
995 2025 1134 2096 πρὸς
1189 2026 1289 2097 τὴν
1327 2027 1535 2080 οίκείαν
1560 2028 1856 2098 ἀναχωρεῖν

1962 2029 2049 2083 Ιιὶε
2077 2028 2131 2082 in
2161 2028 2277 2083 acie
2314 2028 2756 2099 occubiturum),
2799 2046 2924 2086 cum
2950 2032 3071 2086 aliis
3097 2033 3255 2103 longe
3283 2034 3538 2091 ﬁdelissi-

285 2119 614 2172 πεπεῖσθαι.
661 2117 840 2172 Πολλὰ
872 2118 930 2171 δὲ
958 2119 1016 2170 ὲν
1046 2118 1438 2172 πεντεκαίδεκα
1471 2117 1704 2188 ἡμέραις
1737 2120 1856 2189 περὶ

1961 2119 2083 2184 mis,
2119 2133 2448 2190 semperque
2478 2133 2664 2176 Secum
2690 2122 2928 2178 militare
2977 2124 3308 2194 volentibus,
3335 2129 3535 2185 celeri.

286 2210 386 2264 τοῦ
417 2211 601 2282 μένειν
628 2211 813 2274 αὐτοῖς
842 2208 1218 2280 διαλεχθέντα,
1262 2208 1429 2278 μηδὲν
1459 2209 1624 2262 πλέον
1661 2210 1856 2278 ἡνυκέ-

1961 2217 2042 2265 ter
2068 2219 2364 2266 revenluru
2373 2227 2422 2265 ιιι
2431 2251 2446 2266 .

285 2320 407 2368 ναι,
436 2303 658 2358 πάντων
685 2301 828 2372 ὁμοῦ
857 2303 997 2373 πρὸς
1027 2301 1128 2372 τὴν
1166 2302 1427 2357 ἐπάνοδον
1451 2302 1596 2373 ὁρμῇ
1651 2318 1758 2356 τινι
1789 2302 2228 2371 κατασχεθέντων
2260 2304 2556 2376 παραϐόλῳ
2584 2322 2598 2336 ο
2631 2306 2961 2371 ἐξετάσαντα
2997 2307 3056 2363 δὲ
3085 2308 3256 2364 πολλὰ
3284 2311 3532 2384 περὶτοῦ

291 2398 524 2453 τοιαῦτα
555 2396 904 2464 πεπεικότος,
931 2397 1196 2468 μηδαμῶς
1253 2395 1550 2467 δυνηθῆναι
1577 2397 1839 2469 ἐξευρεῖν.
1902 2399 1976 2452 Τὸ
2002 2400 2104 2470 μὲν
2144 2397 2244 2453 οὖν
2300 2401 2464 2454 αὐτὸν
2509 2402 2668 2472 μόνον
2703 2403 3042 2474 παραμένειν
3069 2404 3412 2474 ἀπελθούσης
3436 2405 3533 2474 τῆς

285 2494 576 2564 στρατιᾶς,
606 2489 928 2561 ἀσύμφορον
1001 2490 1272 2561 ἡγεῖσθαι.
1322 2490 1568 2561 Οὐδεμία
1591 2493 1700 2561 γάρ
1737 2489 1983 2558 ὠφέλειά
2007 2509 2091 2556 τις
2135 2492 2290 2546 ἔσται
2321 2493 2423 2563 τῆς
2449 2493 2754 2566 παρουσίας
2779 2495 2876 2563 τῆς
2893 2494 3084 2548 αὐτοῦ.
3121 2496 3184 2548 Εἰ
3203 2496 3249 2549 δ’
3273 2495 3422 2567 αὐτῷ
3443 2497 3534 2571 λυ-

245 2600 250 2611 ’
285 2589 665 2660 σιτελέστερον
691 2589 858 2653 δοκεῖ,
889 2587 986 2641 καὶ
1056 2587 1452 2658 ὲπιψηφίσαιτο
1491 2589 1590 2642 καὶ
1618 2587 1782 2652 αὐτὸς
1824 2591 1887 2641 τὸ
1916 2587 2012 2642 νῦν
2042 2589 2144 2659 μὲν
2199 2589 2344 2661 ἔχον,
2377 2592 2462 2654 εἰς
2519 2593 2615 2664 την
2648 2592 2858 2645 οῑκείαν
2925 2592 3246 2645 ὲπανελθείν
3266 2595 3405 2662 μετὰ
3428 2593 3528 2660 τῆς

281 2685 584 2753 στρατιᾶς*
607 2686 726 2739 ἐκεί
742 2684 802 2739 δὲ
838 2686 994 2748 δίκας
1024 2681 1125 2746 τὰς
1159 2681 1396 2752 ἐσχάτας
1428 2681 1560 2752 παρ’
1591 2681 1772 2736 αὐτῶν
1807 2681 1907 2750 τῆς
1937 2682 2018 2746 si;
2049 2682 2214 2736 αὐτὸν
2257 2682 2356 2737 καὶ
2387 2683 2618 2752 βασιλέα
2664 2683 2897 2737 λαϐόντα
2937 2684 3257 2754 προδοσίαςο
3296 2686 3536 2756 μάλιστα

284 2774 402 2845 γὰρ
426 2777 542 2830 ἐκεί
579 2776 736 2830 τοῦτο
784 2772 926 2832 εἶναι
961 2776 1190 2830 ἀνυστὸν
1232 2774 1403 2844 αὐτῷ,
1440 2774 1634 2828 ἔπειτα
1663 2775 1888 2844 ἑτέρους
1925 2775 2117 2845 ἔχοντα
2164 2777 2293 2840 τοὺς
2326 2776 2561 2847 μάλιστα
2601 2778 2980 2843 πιστοτάτους,
3015 2780 3109 2831 καὶ
3144 2780 3306 2849 μέχρι
3333 2778 3533 2842 παντὸς

282 2871 439 2941 αὐτῷ
471 2872 899 2944 βουλησομένους
960 2871 1423 2941 συγκινδυνεύειν,
1481 2872 1624 2925 κατὰ
1693 2873 1854 2941 τάχος
1895 2872 2197 2950 ἐπανήκειν
2235 2871 2297 2926 εὖ
2336 2873 2658 2943 διαθέμενον
2707 2873 2779 2926 τὰ
2847 2873 2992 2926 κατὰ
3021 2873 3120 2944 τὴν
3154 2875 3356 2938 οἰκίαν,
3416 2875 3536 2929 ἑπι-

281 2969 520 3034 τρὸπου,
570 2968 991 3038 καταστήσαντα
1017 2967 1115 3036 τῆς
1177 2967 1372 3037 ἀρχῆς,
1413 2965 1509 3019 καὶ
1548 2966 1826 3036 διαδόχους
1910 2967 2047 3037 μετὰ
2113 2966 2389 3036 τελευτὴν,
2433 2965 2537 3030 τὼς
2583 2967 2646 3020 οὐ
2684 2965 2894 3038 ταχέως
2943 2964 3099 3031 αὖθις
3169 2967 3530 3036 ἑπανήξοντα,

288 3059 409 3114 ἀλλ’
443 3059 1085 3131 ἢσυγκατέργασόμενον
1120 3057 1214 3112 τὸν
1268 3059 1527 3130 πόλεμον,
1590 3057 1624 3128 ἢ
1670 3060 1731 3110 ὲν
1781 3058 1857 3128 τῷ
1899 3058 2165 3129 μάχεσθαι
2191 3058 2548 3129 πεσούμενον.

1770 3195 1998 3253 CAPUT
2041 3197 2250 3252 LXVII.
2345 3227 2352 3234 ι

1770 3197 1998 3253 CAPUT
2041 3197 2250 3252 LXVII.
2345 3227 2352 3234 ι

283 3297 510 3370 Amusio
541 3301 746 3369 gratias
781 3299 889 3368 agit
900 3299 1225 3370 jntperator,
1255 3197 1833 3370 legationemsdzgaee
1858 3292 2196 3370 _Byza_ntium
2249 3297 2799 3370 millendqmisuadet,
2824 3315 2923 3370 quo
2946 3301 3018 3354 ad
3050 3301 3330 3354 discessum
3354 3315 3542 3354 neccs-.

356 3369 508 3422 saria
535 3366 840 3439 suppetant}
891 3366 1311 3439 Reprehenditnr
1352 3366 1807 3439 Constantinopoli
1834 3367 2103 3439 Amarius,
2131 3383 2234 3437 quo
2277 3383 2332 3420 se
2364 3369 2504 3435 apud
2550 3366 2974 3439 Cantucuzénum
3027 3372 3182 3423 nimis
3235 3371 3449 3439 (reficiat
3482 3379 3534 3422 et

359 3432 832 3510 abjeceriiflfaves
859 3448 907 3490 et
945 3432 1220 3510 pecuniam
1259 3437 1308 3489 ei
1335 3436 1671 3504 promittunt.
1699 3432 1757 3490 'ls
1782 3451 1837 3488 se
1869 3445 1918 3488 et
1957 3432 2332 3504 impertitorem
2381 3432 2632 3507 defendit.
2665 3438 2835 3494 Locus
2872 3439 3086 3510 elegans
3131 3443 3194 3494 de
3227 3432 3533 3494 discrimine

353 3507 642 3562 servitutis.
673 3507 880 3562 Petitur
911 3512 976 3560 ab
1005 3522 1066 3560 eo
1091 3507 1371 3560 discessus.

313 3643 624 3717 ’Βασιλεὺς
673 3651 731 3706 δὲ
785 3653 975 3722 ἠνιᾶτο
1025 3652 1126 3722 μὲν
1174 3650 1310 3722 πρὸς
1354 3650 1452 3722 τὴν
1504 3652 1854 3720 ἁναχωρησιν

2030 3649 2327 3720 Imperator
2351 3650 2418 3705 de
2448 3651 2553 3706 hoc
2584 3652 2831 3708 discessu
2876 3651 3137 3711 indoluit.
3169 3653 3316 3722 quod
3341 3668 3399 3708 se
3430 3670 3535 3706 un-

279 3750 523 3811 εκείνου,
561 3746 678 3818 ᾔδει
729 3745 850 3815 γὰρ
883 3744 1313 3816 ἐπιϐησομένους
1359 3744 1695 3814 πανταχόθεν
1720 3744 1856 3796 πάν·-

277 3859 408 3906 τας.
457 3839 631 3907 Ὁρῶν
662 3837 719 3891 δὲ
750 3837 829 3901 ὡς
859 3836 1122 3890 ἀδύνατον
1156 3837 1254 3899 τὴν
1288 3836 1510 3906 Περσῶν
1541 3835 1854 3906 παρακατέ-

279 3952 406 4006 χειν
434 3934 724 4004 στρατιὰν,
750 3934 886 4004 πρὸς
918 3933 1019 4004 τὴν
1053 3933 1314 3987 ἐπάνοδον
1361 3933 1463 4004 ἢδη
1490 3932 1851 4004 ὡρμημένην,

293 4028 508 4097 Ἀμοῦρ
537 4026 636 4096 μὲν
663 4027 761 4096 τῆς
793 4027 872 4089 είς
904 4027 1067 4080 αὐτὸν
1096 4026 1312 4090 εὐνοίας
1353 4025 1554 4088 πολλὰς
1587 4024 1855 4095 ὡμολόγει

279 4121 544 4192 χάριτας,
598 4117 958 4172 συνεϐούλευε
1003 4116 1061 4171 δὲ
1107 4119 1228 4170 ἐπεὶ
1280 4115 1356 4188 μὴ
1403 4115 1610 4171 πείθειν
1639 4111 1749 4180 οἷός
1795 4134 1854 4168 τε

281 4211 530 4280 ἐγένετο,
562 4210 861 4282 πρεσϐείαν
902 4211 1039 4280 πρὸς
1085 4209 1336 4280 βασιλίδα
1369 4210 1610 4280 πέμπειν
1638 4210 1719 4272 είς
1755 4209 1855 4262 Βυ-

282 4303 527 4369 ζάντιον,
566 4304 660 4355 καὶ
693 4301 915 4373 ὁμοίους
943 4303 1057 4364 τοῖς
1087 4301 1376 4372 προτέροις
1407 4301 1536 4370 περὶ
1573 4301 1675 4366 τῆς
1703 4301 1853 4370 είρή⁹

285 4413 390 4466 νης
423 4393 697 4448 ποιεῖσθαι
743 4394 958 4462 λόγους,
992 4393 1088 4446 καὶ
1133 4393 1232 4464 τὴν
1269 4381 1528 4446 ἀϐουλίαν
1577 4391 1855 4456 ὀνειδίζειν

283 4487 496 4551 αὐτοῖς,
524 4487 605 4540 ὅτι
633 4485 722 4540 διὰ
752 4485 961 4556 ταύτην
991 4486 1060 4555 τῇ
1111 4483 1398 4553 Ῥωμαίων
1427 4484 1694 4556 ἡγεμονίᾳ
1722 4483 1854 4537 πολ-

281 4580 402 4642 λοῖς
427 4577 591 4631 αῐτιοι
621 4577 945 4647 γεγένηνται
979 4575 1216 4646 φθοοᾶςο
1261 4576 1354 4629 καὶ
1380 4576 1460 4628 ἔτι
1489 4575 1754 4644 πλείονος,
1788 4575 1854 4628 ἂν

284 4672 365 4742 μὴ
391 4669 1067 4738 πείθωνται,γενήσονται·
1087 4668 1374 4738 παραινεῖν
1389 4682 1448 4719 τε
1474 4661 1629 4730 αὖθις
1650 4666 1739 4720 τὸν
1761 4667 1831 4718 πό
1853 4694 1858 4700 ·

281 4764 345 4816 λε
353 4780 455 4833 μον
469 4761 780 4826 καταλύειν,
795 4760 891 4814 καὶ
911 4759 988 4832 μὴ
1011 4760 1098 4813 διὰ
1113 4759 1440 4828 φιλονεικίαν
1455 4757 1684 4829 ἔχουσαν
1704 4758 1854 4839 οὐδέν

283 4855 461 4924 ὑγιὲς,
494 4855 756 4926 περιορᾷν
787 4853 1057 4924 ὁσημέραι
1092 4851 1218 4914 τοὺς
1247 4849 1556 4922 ὁμοφύλους
1590 4849 1854 4921 ἐξανδραο

284 4947 702 5019 ποδιζομένους,

282 5041 677 5107 ὑπομένοντας.
739 5039 967 5114 Ἐκεῖνοι
1015 5037 1097 5103 δὲ,
1130 5037 1227 5090 καὶ
1279 5036 1385 5106 γὰρ
1438 5034 1627 5089 οὐδένα
1676 5031 1802 5089 αὖθι
1824 5055 1856 5099 ι,

281 5132 479 5203 ὥσπερ
505 5134 600 5186 καὶ
633 5131 901 5203 πρότερον
931 5131 1246 5202 ποιήσονται
1280 5129 1379 5201 τῆς
1410 5129 1636 5200 εἰρήνης
1675 5128 1857 5198 λόγον,

281 5226 381 5278 ἐπὶ
405 5223 466 5276 τὸ
501 5223 714 5277 πείθειν
745 5223 912 5276 αὐτὸν
941 5223 1138 5276 αὐτίκα
1187 5221 1476 5292 τρέψονται
1522 5219 1858 5290 ἀφίστασθαι

281 5315 542 5369 ὲκείνουο
576 5317 670 5368 καὶ
693 5314 1010 5385 πέμψαντες
1045 5313 1348 5385 ἀξιόχρεών
1377 5329 1522 5377 τινα,
1554 5311 1612 5364 ὃν
1644 5313 1858 5379 οτὴσον-

281 5425 376 5460 ται
431 5406 594 5459 τοῦτο
653 5406 1093 5475 κατεργάσεσθαι
1147 5405 1475 5475 δυνήσεσθαι
1529 5403 1858 5471 παρέξονται

172 5488 192 5496 “
282 5502 381 5553 καὶ
409 5500 669 5570 χρήματα
705 5498 878 5552 πολλὰ
923 5497 1024 5568 τῆς
1066 5497 1469 5567 ἀναχωρήσεως
1512 5494 1726 5565 μισθὸν,
1761 5495 1858 5550 καὶ

253 5591 420 5660 ,ναῦς
472 5584 557 5653 αἶς
601 5591 866 5662 χρήσεται
919 5588 1055 5660 πρὸς
1095 5587 1195 5658 τὴν
1235 5585 1516 5639 διάόασινο
1554 5587 1652 5638 καὶ
1697 5586 1763 5654 τῇ
1793 5601 1851 5636 τε

286 5682 524 5752 στρατιᾷ
555 5683 615 5733 τὸ
666 5680 1102 5748 σπουδαζόμενον
1136 5679 1290 5730 ἔσται
1344 5677 1561 5746 ἡνυκὼς
1586 5717 1600 5741 ,
1664 5679 1758 5729 καὶ
1789 5679 1857 5730 τὰ

283 5774 552 5846 χρήματα
581 5771 765 5824 λαὸὼν
791 5771 1085 5840 ἀμείψεται
1115 5770 1240 5831 τοὺς
1288 5766 1584 5837 προθύμως
1618 5784 1856 5838 συστρα-

281 5863 680 5934 τευσαμένους.
716 5863 791 5915 Οὐ
826 5863 934 5932 γὰρ
967 5862 1176 5913 δίκαιον
1207 5859 1406 5928 ὁμοίως
1439 5861 1606 5913 πᾶσιν
1636 5859 1849 5929 ὀργίζε-

536 5961 800 6021 ΡΑτιιυι.
834 5959 952 6018 Gn.
992 5956 1189 6015 CLIII.

1956 3736 2124 3808 dique
2171 3738 2472 3807 appetitum
2526 3739 2589 3791 iri
2642 3751 2912 3794 cerneret.
2970 3738 3284 3805 Intelligens
3347 3750 3530 3794 autem

1955 3827 2151 3884 Persas
2189 3829 2256 3884 ad
2297 3829 2531 3883 reditum
2567 3839 2849 3899 tantopere
2884 3829 3248 3884 inﬂammatos
3281 3843 3341 3886 ut
3371 3833 3531 3887 cohi-

1957 3916 2076 3974 beri
2108 3933 2216 3972 non
2243 3927 2488 3988 possent,
2523 3919 2749 3973 Amurio
2775 3919 2842 3972 de
2892 3929 2998 3973 tam
3035 3921 3247 3989 prolixa
3299 3937 3428 3992 erga
3469 3938 3530 3978 se

1956 4012 2237 4066 voluntate
2285 4011 2486 4081 gratias
2541 4012 2654 4080 agit
2705 4010 3095 4081 amplissimas,
3131 4013 3414 4084 suasitque
3447 4024 3530 4080 ut,

1956 4102 2215 4174 quoniam
2241 4102 2472 4156 militem
2520 4117 2678 4156 suum
2703 4100 2925 4157 ﬂectere
2955 4102 3313 4172 nequivisset,
3347 4115 3533 4160 orato-

1959 4212 2044 4252 res
2073 4195 2394 4267 Byzantium
2419 4195 2485 4250 ad
2514 4194 2917 4265 imperatricem
2947 4192 3212 4253 mitteret,
3253 4194 3346 4263 qui
3380 4193 3534 4250 simi-

1957 4287 2102 4354 liter,
2140 4295 2200 4340 ut
2232 4286 2488 4349 antehac,
2520 4284 2588 4339 de
2624 4299 2757 4354 pace
2787 4281 3146 4350 dissererent,
3186 4284 3402 4352 illisque
3432 4285 3533 4339 de-
3599 4334 3608 4342 .

1959 4376 2219 4432 mentiam
2260 4377 2678 4446 exprobrarent,
2709 4389 2807 4445 per
2848 4389 3012 4444 quam
3047 4374 3296 4429 Romano
3329 4373 3534 4444 princi-

1958 4481 2108 4551 patui
2137 4480 2368 4536 exitium
2404 4493 2660 4551 magnum
2688 4478 3024 4540 invexeri'nt,
3061 4491 3127 4532 ac
3155 4477 3262 4532 nisi
3298 4479 3350 4532 in
3387 4477 3530 4532 viam

1958 4576 2204 4643 redeant,
2253 4575 2429 4646 maius
2482 4571 2751 4628 invecturi
2797 4571 2928 4625 sint.
2956 4569 3320 4626 Hortarentur
3347 4581 3531 4625 autem

1959 4685 2149 4725 rursus
2190 4667 2390 4724 bellum
2443 4666 2669 4719 missum
2707 4664 2970 4727 facerent,
3007 4679 3113 4718 neu
3163 4665 3232 4717 ob
3269 4662 3535 4726 insipien-

1961 4772 2068 4817 tem
2095 4761 2253 4816 istam
2280 4756 2708 4818 contentionem,
2740 4753 2988 4825 quotidie
3021 4770 3132 4810 suae
3163 4754 3342 4824 gentis
3383 4769 3533 4807 mor-

1959 4854 2097 4910 tales
2132 4853 2186 4906 in
2227 4853 2550 4908 servitutem
2591 4848 2796 4919 abripi,
2838 4845 3121 4910 trucidari,
3149 4854 3205 4901 et
3233 4844 3300 4898 ad
3335 4859 3535 4899 mrum-

763 4947 861 5002 καὶ
909 4945 1319 5014 κτεινομένους,
1376 4943 1472 4997 καὶ
1523 4943 1594 4998 τὰ
1647 4940 1852 5012 ἔσχατα

1963 4961 2060 5001 nas
2084 4943 2257 5014 redigi
2302 4944 2565 4998 sinerent.
2599 4942 2726 4997 Illos
2751 4953 2902 5004 vero,
2946 4947 3006 4993 ut
3036 4937 3173 4994 alias
3218 4936 3427 4990 nullum
3459 4937 3529 4991 de
3603 5005 3622 5018 Ι,

1965 5053 2095 5108 pace
2122 5037 2350 5091 verbum
2403 5035 2712 5098 locuturos,
2744 5031 2839 5087 sed
2885 5029 3222 5101 persuadere
3269 5028 3531 5083 enisuros
3574 5021 3604 5086 ε’

1964 5129 2042 5182 uti
2089 5125 2496 5198 quamprimum
2534 5140 2566 5179 ιι
2611 5123 2992 5178 Cantacuzeno
3040 5135 3099 5174 se
3149 5118 3444 5188 disjuugat,
3478 5127 3534 5172 ct

1965 5220 2131 5275 misso
2164 5217 2418 5290 quapiam
2473 5217 2602 5271 huic
2654 5213 2866 5269 muneri
2901 5212 3118 5274 idoneo,
3158 5225 3409 5280 magnam
3440 5225 3532 5278 pc-

1963 5310 2139 5365 cunis:
2166 5309 2298 5374 vim,
2332 5309 2611 5362 discessus
2649 5303 2982 5367 mercedem,
3018 5318 3082 5356 ac
3107 5312 3367 5371 praetcrea
3395 5303 3534 5356 clas-

1961 5415 2076 5455 sem
2123 5399 2588 5470 suppeditaturos.
2623 5395 2712 5450 Sic
2752 5404 2808 5449 et
2840 5393 2985 5464 quod
3022 5391 3300 5450 exercitus
3357 5406 3532 5460 usque

1955 5488 2094 5542 adeo
2125 5487 2505 5548 contenderet,
2539 5484 2841 5554 perfectum
2871 5482 3008 5546 fore,
3036 5489 3092 5533 et
3123 5480 3276 5533 illum
3307 5491 3530 5548 accepta

1957 5578 2192 5650 pecunia
2243 5577 2480 5632 libenter
2543 5574 2646 5630 sub
2701 5588 2759 5628 se
2828 5570 3124 5625 militantes
3185 5570 3529 5624 remunerari

1954 5684 2133 5741 posse.
2165 5667 2280 5723 Non
2315 5669 2463 5722 enim
2509 5681 2725 5734 mquum
2786 5663 2946 5716 irasci
2999 5661 3203 5729 pariter
3249 5661 3528 5720 omnibus,

1957 5764 2052 5819 sed
2079 5762 2349 5832 superbiae
2375 5769 2429 5814 et
2454 5756 2814 5814 contumaciae
2841 5755 3155 5810 incentorcs
3188 5754 3399 5807 modice
3432 5768 3530 5818 plt-

1958 5855 2202 5913 niendos.
2265 5867 2331 5908 ne
2396 5851 2534 5906 alios
2584 5849 2978 5921 impudentiam
3024 5846 3274 5914 exemplo
3301 5857 3396 5898 suo
3422 5841 3544 5894 do-'

3104 5939 3191 5998 33’)
