  <div class='ocr_page' id='page_1' title='image "/cluster/home/n/w/nwhite01/storage/ocr_20150623/153/hvd.32044019208412/589.png"; bbox 0 0 3962 6594; ppageno 0'>
   <div class='ocr_carea' id='block_1_1' title="bbox 472 436 612 503">
    <p class='ocr_par' dir='ltr' id='par_1_1' title="bbox 472 436 612 503">
     <span class='ocr_line' id='line_1_1' title="bbox 472 436 612 503; baseline 0.007 -1"><span class='ocrx_word' id='word_1_1' title='bbox 472 436 612 503; x_wconf 72' lang='grc' dir='ltr'>ιο.›9</span> 
     </span>
    </p>
   </div>
   <div class='ocr_carea' id='block_1_2' title="bbox 1640 429 2543 494">
    <p class='ocr_par' dir='ltr' id='par_1_2' title="bbox 1640 429 2543 494">
     <span class='ocr_line' id='line_1_2' title="bbox 1640 429 2543 494; baseline -0.001 -1"><span class='ocrx_word' id='word_1_2' title='bbox 1640 431 1884 494; x_wconf 77' lang='lat' dir='ltr'><strong>JOANN</strong></span> <span class='ocrx_word' id='word_1_3' title='bbox 1899 430 1966 490; x_wconf 88' lang='lat' dir='ltr'><strong>lS</strong></span> <span class='ocrx_word' id='word_1_4' title='bbox 2008 429 2543 492; x_wconf 67' lang='lat' dir='ltr'><strong>CANTACUZENI</strong></span> 
     </span>
    </p>
   </div>
   <div class='ocr_carea' id='block_1_3' title="bbox 3605 431 3736 488">
    <p class='ocr_par' dir='ltr' id='par_1_3' title="bbox 3605 431 3736 488">
     <span class='ocr_line' id='line_1_3' title="bbox 3605 431 3736 488; baseline -0.046 0"><span class='ocrx_word' id='word_1_5' title='bbox 3605 431 3736 488; x_wconf 67' lang='lat' dir='ltr'><strong>“illi</strong></span> 
     </span>
    </p>
   </div>
   <div class='ocr_carea' id='block_1_4' title="bbox 464 540 2057 623">
    <p class='ocr_par' dir='ltr' id='par_1_4' title="bbox 464 545 2054 623">
     <span class='ocr_line' id='line_1_4' title="bbox 464 545 2054 623; baseline -0.008 -13"><span class='ocrx_word' id='word_1_6' title='bbox 464 564 627 612; x_wconf 89' lang='lat' dir='ltr'><strong>eeant</strong></span> <span class='ocrx_word' id='word_1_7' title='bbox 661 572 674 608; x_wconf 90' lang='lat'><strong>:</strong></span> <span class='ocrx_word' id='word_1_8' title='bbox 706 550 932 623; x_wconf 83' lang='lat' dir='ltr'><strong>reliquis</strong></span> <span class='ocrx_word' id='word_1_9' title='bbox 968 548 1634 606; x_wconf 83' lang='lat' dir='ltr'><strong>convenienterlaborum</strong></span> <span class='ocrx_word' id='word_1_10' title='bbox 1672 545 1886 600; x_wconf 87' lang='lat' dir='ltr'><strong>meritis</strong></span> <span class='ocrx_word' id='word_1_11' title='bbox 1911 560 2054 614; x_wconf 67' lang='lat' dir='ltr'><strong>prte-</strong></span> 
     </span>
    </p>
   </div>
   <div class='ocr_carea' id='block_1_5' title="bbox 2162 540 3736 623">
    <p class='ocr_par' dir='ltr' id='par_1_5' title="bbox 2162 540 3736 615">
     <span class='ocr_line' id='line_1_5' title="bbox 2162 540 3736 615; baseline -0.003 -18"><span class='ocrx_word' id='word_1_12' title='bbox 2162 545 2287 599; x_wconf 84' lang='grc' dir='ltr'>σθαι</span> <span class='ocrx_word' id='word_1_13' title='bbox 2317 549 2405 601; x_wconf 71' lang='grc' dir='ltr'>καὶ</span> <span class='ocrx_word' id='word_1_14' title='bbox 2436 546 2593 611; x_wconf 83' lang='grc' dir='ltr'><strong>δίκας</strong></span> <span class='ocrx_word' id='word_1_15' title='bbox 2621 549 2903 612; x_wconf 75' lang='grc' dir='ltr'><strong>ἀπαιτεῖν,</strong></span> <span class='ocrx_word' id='word_1_16' title='bbox 2935 545 3071 602; x_wconf 82' lang='grc' dir='ltr'><strong>ἀλλά</strong></span> <span class='ocrx_word' id='word_1_17' title='bbox 3104 544 3228 610; x_wconf 79' lang='grc' dir='ltr'><strong>τούς</strong></span> <span class='ocrx_word' id='word_1_18' title='bbox 3267 541 3368 615; x_wconf 75' lang='grc' dir='ltr'><strong>μὲν</strong></span> <span class='ocrx_word' id='word_1_19' title='bbox 3409 542 3620 605; x_wconf 78' lang='grc' dir='ltr'><strong>αἰτίους</strong></span> <span class='ocrx_word' id='word_1_20' title='bbox 3647 540 3736 608; x_wconf 72' lang='grc' dir='ltr'>τῆς</span> 
     </span>
    </p>
   </div>
   <div class='ocr_carea' id='block_1_6' title="bbox 465 639 2045 719">
    <p class='ocr_par' dir='ltr' id='par_1_6' title="bbox 465 639 2045 719">
     <span class='ocr_line' id='line_1_6' title="bbox 465 639 2045 719; baseline -0.009 -13"><span class='ocrx_word' id='word_1_21' title='bbox 465 653 577 706; x_wconf 91' lang='lat' dir='ltr'><strong>mia</strong></span> <span class='ocrx_word' id='word_1_22' title='bbox 615 646 999 719; x_wconf 80' lang='lat' dir='ltr'><strong>persolvenila,</strong></span> <span class='ocrx_word' id='word_1_23' title='bbox 1037 653 1098 698; x_wconf 88' lang='lat' dir='ltr'><strong>ut</strong></span> <span class='ocrx_word' id='word_1_24' title='bbox 1125 653 1181 698; x_wconf 90' lang='lat' dir='ltr'><strong>et</strong></span> <span class='ocrx_word' id='word_1_25' title='bbox 1212 641 1485 712; x_wconf 91' lang='lat' dir='ltr'><strong>supplicio</strong></span> <span class='ocrx_word' id='word_1_26' title='bbox 1517 639 1897 710; x_wconf 87' lang='lat' dir='ltr'><strong>improborum</strong></span> <span class='ocrx_word' id='word_1_27' title='bbox 1931 648 2045 692; x_wconf 86' lang='lat' dir='ltr'><strong>ter-</strong></span> 
     </span>
    </p>
   </div>
   <div class='ocr_carea' id='block_1_7' title="bbox 465 730 2045 808">
    <p class='ocr_par' dir='ltr' id='par_1_7' title="bbox 465 730 2045 808">
     <span class='ocr_line' id='line_1_7' title="bbox 465 730 2045 808; baseline -0.009 -10"><span class='ocrx_word' id='word_1_28' title='bbox 465 751 605 808; x_wconf 88' lang='lat' dir='ltr'><strong>reat,</strong></span> <span class='ocrx_word' id='word_1_29' title='bbox 639 751 697 797; x_wconf 89' lang='lat' dir='ltr'><strong>et</strong></span> <span class='ocrx_word' id='word_1_30' title='bbox 719 738 1100 795; x_wconf 63' lang='lat' dir='ltr'><strong>beneﬁcentiae</strong></span> <span class='ocrx_word' id='word_1_31' title='bbox 1131 735 1317 792; x_wconf 90' lang='lat' dir='ltr'><strong>studio</strong></span> <span class='ocrx_word' id='word_1_32' title='bbox 1347 734 1484 790; x_wconf 93' lang='lat' dir='ltr'><strong>alios</strong></span> <span class='ocrx_word' id='word_1_33' title='bbox 1512 737 1576 787; x_wconf 88' lang='lat' dir='ltr'><strong>ad</strong></span> <span class='ocrx_word' id='word_1_34' title='bbox 1613 748 1669 788; x_wconf 90' lang='lat' dir='ltr'><strong>se</strong></span> <span class='ocrx_word' id='word_1_35' title='bbox 1706 730 2045 802; x_wconf 84' lang='lat' dir='ltr'><strong>diligendum</strong></span> 
     </span>
    </p>
   </div>
   <div class='ocr_carea' id='block_1_8' title="bbox 465 823 2049 905">
    <p class='ocr_par' dir='ltr' id='par_1_8' title="bbox 465 823 2049 905">
     <span class='ocr_line' id='line_1_8' title="bbox 465 823 2049 905; baseline -0.008 -17"><span class='ocrx_word' id='word_1_36' title='bbox 465 832 692 888; x_wconf 83' lang='lat' dir='ltr'><strong>alliciat.</strong></span> <span class='ocrx_word' id='word_1_37' title='bbox 727 832 990 886; x_wconf 79' lang='lat' dir='ltr'><strong>Amurins</strong></span> <span class='ocrx_word' id='word_1_38' title='bbox 1020 828 1295 899; x_wconf 72' lang='lat' dir='ltr'><strong>extemplo</strong></span> <span class='ocrx_word' id='word_1_39' title='bbox 1320 835 1497 905; x_wconf 68' lang='lat' dir='ltr'><strong>pare},</strong></span> <span class='ocrx_word' id='word_1_40' title='bbox 1526 834 1580 880; x_wconf 90' lang='lat' dir='ltr'><strong>et</strong></span> <span class='ocrx_word' id='word_1_41' title='bbox 1617 825 1684 880; x_wconf 92' lang='lat' dir='ltr'><strong>de</strong></span> <span class='ocrx_word' id='word_1_42' title='bbox 1717 823 2049 878; x_wconf 87' lang='lat' dir='ltr'><strong>admonitio-</strong></span> 
     </span>
    </p>
   </div>
   <div class='ocr_carea' id='block_1_9' title="bbox 465 915 2047 995">
    <p class='ocr_par' dir='ltr' id='par_1_9' title="bbox 465 915 2047 995">
     <span class='ocr_line' id='line_1_9' title="bbox 465 915 2047 995; baseline -0.007 -15"><span class='ocrx_word' id='word_1_43' title='bbox 465 941 536 980; x_wconf 93' lang='lat' dir='ltr'><strong>ne</strong></span> <span class='ocrx_word' id='word_1_44' title='bbox 565 924 883 995; x_wconf 76' lang='lat' dir='ltr'><strong>imperatori</strong></span> <span class='ocrx_word' id='word_1_45' title='bbox 911 923 1114 994; x_wconf 80' lang='lat' dir='ltr'><strong>gratias</strong></span> <span class='ocrx_word' id='word_1_46' title='bbox 1138 922 1270 993; x_wconf 84' lang='lat' dir='ltr'><strong>agit,</strong></span> <span class='ocrx_word' id='word_1_47' title='bbox 1300 920 1509 990; x_wconf 78' lang='lat' dir='ltr'><strong>legatos</strong></span> <span class='ocrx_word' id='word_1_48' title='bbox 1540 917 1608 972; x_wconf 89' lang='lat' dir='ltr'><strong>ad</strong></span> <span class='ocrx_word' id='word_1_49' title='bbox 1641 915 2047 986; x_wconf 89' lang='lat' dir='ltr'><strong>imperatricem</strong></span> 
     </span>
    </p>
   </div>
   <div class='ocr_carea' id='block_1_10' title="bbox 466 1009 2051 1085">
    <p class='ocr_par' dir='ltr' id='par_1_10' title="bbox 466 1009 2051 1085">
     <span class='ocr_line' id='line_1_10' title="bbox 466 1009 2051 1085; baseline -0.007 -13"><span class='ocrx_word' id='word_1_50' title='bbox 466 1019 649 1080; x_wconf 76' lang='lat' dir='ltr'><strong>denuo</strong></span> <span class='ocrx_word' id='word_1_51' title='bbox 682 1016 751 1071; x_wconf 89' lang='lat' dir='ltr'><strong>de</strong></span> <span class='ocrx_word' id='word_1_52' title='bbox 786 1029 920 1085; x_wconf 88' lang='lat' dir='ltr'><strong>pace</strong></span> <span class='ocrx_word' id='word_1_53' title='bbox 949 1025 1132 1074; x_wconf 88' lang='lat' dir='ltr'><strong>actum</strong></span> <span class='ocrx_word' id='word_1_54' title='bbox 1175 1012 1366 1066; x_wconf 83' lang='lat' dir='ltr'><strong>mittit.</strong></span> <span class='ocrx_word' id='word_1_55' title='bbox 1400 1009 1766 1080; x_wconf 77' lang='lat' dir='ltr'><strong>Apocauehus</strong></span> <span class='ocrx_word' id='word_1_56' title='bbox 1818 1021 2051 1078; x_wconf 86' lang='lat' dir='ltr'><strong>magnus</strong></span> 
     </span>
    </p>
   </div>
   <div class='ocr_carea' id='block_1_11' title="bbox 465 1099 2053 1176">
    <p class='ocr_par' dir='ltr' id='par_1_11' title="bbox 465 1099 2053 1176">
     <span class='ocr_line' id='line_1_11' title="bbox 465 1099 2053 1176; baseline -0.008 -14"><span class='ocrx_word' id='word_1_57' title='bbox 465 1108 579 1162; x_wconf 81' lang='lat' dir='ltr'><strong>dux</strong></span> <span class='ocrx_word' id='word_1_58' title='bbox 626 1116 683 1162; x_wconf 88' lang='lat' dir='ltr'><strong>et</strong></span> <span class='ocrx_word' id='word_1_59' title='bbox 746 1106 970 1176; x_wconf 63' lang='lat' dir='ltr'><strong>collega:</strong></span> <span class='ocrx_word' id='word_1_60' title='bbox 996 1104 1064 1159; x_wconf 86' lang='lat' dir='ltr'><strong>de</strong></span> <span class='ocrx_word' id='word_1_61' title='bbox 1095 1119 1229 1174; x_wconf 85' lang='lat' dir='ltr'><strong>pace</strong></span> <span class='ocrx_word' id='word_1_62' title='bbox 1258 1099 1424 1157; x_wconf 80' lang='lat' dir='ltr'><strong>silent</strong></span> <span class='ocrx_word' id='word_1_63' title='bbox 1452 1101 1698 1172; x_wconf 89' lang='lat' dir='ltr'><strong>penitus,</strong></span> <span class='ocrx_word' id='word_1_64' title='bbox 1726 1099 2053 1153; x_wconf 55' lang='lat' dir='ltr'><strong>Amuriunr</strong></span> 
     </span>
    </p>
   </div>
   <div class='ocr_carea' id='block_1_12' title="bbox 465 1193 2051 1273">
    <p class='ocr_par' dir='ltr' id='par_1_12' title="bbox 465 1193 2051 1273">
     <span class='ocr_line' id='line_1_12' title="bbox 465 1193 2051 1273; baseline -0.006 -19"><span class='ocrx_word' id='word_1_65' title='bbox 465 1217 575 1273; x_wconf 84' lang='lat' dir='ltr'><strong>que</strong></span> <span class='ocrx_word' id='word_1_66' title='bbox 608 1202 848 1271; x_wconf 88' lang='lat' dir='ltr'><strong>primum</strong></span> <span class='ocrx_word' id='word_1_67' title='bbox 901 1195 1337 1267; x_wconf 88' lang='lat' dir='ltr'><strong>reprehendunt,</strong></span> <span class='ocrx_word' id='word_1_68' title='bbox 1368 1193 1515 1263; x_wconf 91' lang='lat' dir='ltr'><strong>quod</strong></span> <span class='ocrx_word' id='word_1_69' title='bbox 1563 1203 1801 1262; x_wconf 80' lang='lat' dir='ltr'><strong>satrapa,</strong></span> <span class='ocrx_word' id='word_1_70' title='bbox 1833 1200 1890 1246; x_wconf 91' lang='lat' dir='ltr'><strong>et</strong></span> <span class='ocrx_word' id='word_1_71' title='bbox 1940 1198 2051 1244; x_wconf 85' lang='lat' dir='ltr'><strong>tam</strong></span> 
     </span>
    </p>
   </div>
   <div class='ocr_carea' id='block_1_13' title="bbox 464 1282 2052 1365">
    <p class='ocr_par' dir='ltr' id='par_1_13' title="bbox 464 1282 2052 1365">
     <span class='ocr_line' id='line_1_13' title="bbox 464 1282 2052 1365; baseline -0.007 -18"><span class='ocrx_word' id='word_1_72' title='bbox 464 1304 683 1365; x_wconf 84' lang='lat' dir='ltr'><strong>potens,</strong></span> <span class='ocrx_word' id='word_1_73' title='bbox 713 1301 879 1362; x_wconf 91' lang='lat' dir='ltr'><strong>atque</strong></span> <span class='ocrx_word' id='word_1_74' title='bbox 911 1288 1056 1359; x_wconf 87' lang='lat' dir='ltr'><strong>apud</strong></span> <span class='ocrx_word' id='word_1_75' title='bbox 1089 1288 1369 1343; x_wconf 83' lang='lat' dir='ltr'><strong>Romanos</strong></span> <span class='ocrx_word' id='word_1_76' title='bbox 1393 1288 1548 1356; x_wconf 80' lang='lat' dir='ltr'><strong>juxta</strong></span> <span class='ocrx_word' id='word_1_77' title='bbox 1583 1300 1648 1339; x_wconf 93' lang='lat' dir='ltr'><strong>ae</strong></span> <span class='ocrx_word' id='word_1_78' title='bbox 1691 1283 1961 1339; x_wconf 87' lang='lat' dir='ltr'><strong>barbaros</strong></span> <span class='ocrx_word' id='word_1_79' title='bbox 1996 1282 2052 1337; x_wconf 91' lang='lat' dir='ltr'><strong>in</strong></span> 
     </span>
    </p>
   </div>
   <div class='ocr_carea' id='block_1_14' title="bbox 466 1378 2051 1450">
    <p class='ocr_par' dir='ltr' id='par_1_14' title="bbox 466 1378 2051 1450">
     <span class='ocr_line' id='line_1_14' title="bbox 466 1378 2051 1450; baseline -0.008 -9"><span class='ocrx_word' id='word_1_80' title='bbox 466 1397 618 1442; x_wconf 88' lang='lat' dir='ltr'><strong>tanta</strong></span> <span class='ocrx_word' id='word_1_81' title='bbox 653 1383 1039 1446; x_wconf 83' lang='lat' dir='ltr'><strong>admiratione,</strong></span> <span class='ocrx_word' id='word_1_82' title='bbox 1093 1380 1351 1450; x_wconf 80' lang='lat' dir='ltr'><strong>mancipii</strong></span> <span class='ocrx_word' id='word_1_83' title='bbox 1388 1381 1560 1434; x_wconf 90' lang='lat' dir='ltr'><strong>instar</strong></span> <span class='ocrx_word' id='word_1_84' title='bbox 1603 1378 2051 1434; x_wconf 83' lang='lat' dir='ltr'><strong>Cantacuzenum</strong></span> 
     </span>
    </p>
   </div>
   <div class='ocr_carea' id='block_1_15' title="bbox 465 1468 2053 1548">
    <p class='ocr_par' dir='ltr' id='par_1_15' title="bbox 465 1468 2053 1548">
     <span class='ocr_line' id='line_1_15' title="bbox 465 1468 2053 1548; baseline -0.007 -15"><span class='ocrx_word' id='word_1_85' title='bbox 465 1490 753 1548; x_wconf 78' lang='lat' dir='ltr'><strong>sequatur,</strong></span> <span class='ocrx_word' id='word_1_86' title='bbox 794 1475 1004 1531; x_wconf 87' lang='lat' dir='ltr'><strong>tamdiu</strong></span> <span class='ocrx_word' id='word_1_87' title='bbox 1051 1474 1104 1528; x_wconf 92' lang='lat' dir='ltr'><strong>in</strong></span> <span class='ocrx_word' id='word_1_88' title='bbox 1135 1473 1299 1528; x_wconf 86' lang='lat' dir='ltr'><strong>terris</strong></span> <span class='ocrx_word' id='word_1_89' title='bbox 1335 1472 1641 1542; x_wconf 81' lang='lat' dir='ltr'><strong>peregrinis</strong></span> <span class='ocrx_word' id='word_1_90' title='bbox 1683 1469 1873 1534; x_wconf 91' lang='lat' dir='ltr'><strong>miser,</strong></span> <span class='ocrx_word' id='word_1_91' title='bbox 1903 1468 2053 1522; x_wconf 88' lang='lat' dir='ltr'><strong>nullo</strong></span> 
     </span>
    </p>
   </div>
   <div class='ocr_carea' id='block_1_16' title="bbox 464 1560 2052 1638">
    <p class='ocr_par' dir='ltr' id='par_1_16' title="bbox 464 1560 2052 1638">
     <span class='ocr_line' id='line_1_16' title="bbox 464 1560 2052 1638; baseline -0.007 -15"><span class='ocrx_word' id='word_1_92' title='bbox 464 1570 639 1631; x_wconf 88' lang='lat' dir='ltr'><strong>lucro.</strong></span> <span class='ocrx_word' id='word_1_93' title='bbox 676 1583 802 1624; x_wconf 88' lang='lat' dir='ltr'><strong>cum</strong></span> <span class='ocrx_word' id='word_1_94' title='bbox 839 1565 1138 1638; x_wconf 80' lang='lat' dir='ltr'><strong>ignominia</strong></span> <span class='ocrx_word' id='word_1_95' title='bbox 1168 1573 1354 1619; x_wconf 88' lang='lat' dir='ltr'><strong>autem</strong></span> <span class='ocrx_word' id='word_1_96' title='bbox 1416 1578 1652 1626; x_wconf 86' lang='lat' dir='ltr'><strong>summa,</strong></span> <span class='ocrx_word' id='word_1_97' title='bbox 1721 1576 1844 1631; x_wconf 75' lang='lat' dir='ltr'><strong>quae</strong></span> <span class='ocrx_word' id='word_1_98' title='bbox 1897 1560 2052 1614; x_wconf 78' lang='lat' dir='ltr'><strong>illum</strong></span> 
     </span>
    </p>
   </div>
   <div class='ocr_carea' id='block_1_17' title="bbox 467 1652 2055 1728">
    <p class='ocr_par' dir='ltr' id='par_1_17' title="bbox 467 1652 2055 1728">
     <span class='ocr_line' id='line_1_17' title="bbox 467 1652 2055 1728; baseline -0.006 -12"><span class='ocrx_word' id='word_1_99' title='bbox 467 1663 735 1717; x_wconf 85' lang='lat' dir='ltr'><strong>scientem</strong></span> <span class='ocrx_word' id='word_1_100' title='bbox 761 1660 1151 1728; x_wconf 82' lang='lat' dir='ltr'><strong>volentemque</strong></span> <span class='ocrx_word' id='word_1_101' title='bbox 1183 1657 1487 1726; x_wconf 88' lang='lat' dir='ltr'><strong>cooperuit.</strong></span> <span class='ocrx_word' id='word_1_102' title='bbox 1526 1655 1654 1710; x_wconf 79' lang='lat' dir='ltr'><strong>Jam-</strong></span> <span class='ocrx_word' id='word_1_103' title='bbox 1680 1653 1812 1708; x_wconf 89' lang='lat' dir='ltr'><strong>illud</strong></span> <span class='ocrx_word' id='word_1_104' title='bbox 1849 1652 2055 1722; x_wconf 88' lang='lat' dir='ltr'><strong>turpis-</strong></span> 
     </span>
    </p>
   </div>
   <div class='ocr_carea' id='block_1_18' title="bbox 467 1744 2052 1822">
    <p class='ocr_par' dir='ltr' id='par_1_18' title="bbox 467 1744 2052 1822">
     <span class='ocr_line' id='line_1_18' title="bbox 467 1744 2052 1822; baseline -0.006 -14"><span class='ocrx_word' id='word_1_105' title='bbox 467 1755 672 1810; x_wconf 89' lang='lat' dir='ltr'><strong>situutu</strong></span> <span class='ocrx_word' id='word_1_106' title='bbox 717 1768 838 1808; x_wconf 89' lang='lat' dir='ltr'><strong>esse</strong></span> <span class='ocrx_word' id='word_1_107' title='bbox 901 1751 1066 1822; x_wconf 76' lang='lat'><strong>580</strong></span> <span class='ocrx_word' id='word_1_108' title='bbox 1101 1749 1248 1821; x_wconf 90' lang='lat' dir='ltr'><strong>quod</strong></span> <span class='ocrx_word' id='word_1_109' title='bbox 1303 1758 1358 1804; x_wconf 90' lang='lat' dir='ltr'><strong>et</strong></span> <span class='ocrx_word' id='word_1_110' title='bbox 1399 1748 1651 1804; x_wconf 78' lang='lat' dir='ltr'><strong>satellitis</strong></span> <span class='ocrx_word' id='word_1_111' title='bbox 1687 1748 1871 1802; x_wconf 92' lang='lat' dir='ltr'><strong>locum</strong></span> <span class='ocrx_word' id='word_1_112' title='bbox 1908 1744 2052 1816; x_wconf 86' lang='lat' dir='ltr'><strong>apud</strong></span> 
     </span>
    </p>
   </div>
   <div class='ocr_carea' id='block_1_19' title="bbox 464 1841 2055 1912">
    <p class='ocr_par' dir='ltr' id='par_1_19' title="bbox 464 1841 2055 1912">
     <span class='ocr_line' id='line_1_19' title="bbox 464 1841 2055 1912; baseline -0.008 -7"><span class='ocrx_word' id='word_1_113' title='bbox 464 1851 909 1906; x_wconf 86' lang='lat' dir='ltr'><strong>Cantacnzcnum</strong></span> <span class='ocrx_word' id='word_1_114' title='bbox 945 1854 1134 1900; x_wconf 85' lang='lat' dir='ltr'><strong>tenere</strong></span> <span class='ocrx_word' id='word_1_115' title='bbox 1159 1859 1267 1897; x_wconf 92' lang='lat' dir='ltr'><strong>non</strong></span> <span class='ocrx_word' id='word_1_116' title='bbox 1288 1842 1600 1906; x_wconf 88' lang='lat' dir='ltr'><strong>erubuerit,</strong></span> <span class='ocrx_word' id='word_1_117' title='bbox 1633 1841 1698 1894; x_wconf 91' lang='lat' dir='ltr'><strong>ad</strong></span> <span class='ocrx_word' id='word_1_118' title='bbox 1731 1841 1890 1912; x_wconf 85' lang='lat' dir='ltr'><strong>cujus</strong></span> <span class='ocrx_word' id='word_1_119' title='bbox 1915 1854 2055 1909; x_wconf 74' lang='lat' dir='ltr'><strong>pra:-</strong></span> 
     </span>
    </p>
   </div>
   <div class='ocr_carea' id='block_1_20' title="bbox 2157 635 3739 714">
    <p class='ocr_par' dir='ltr' id='par_1_20' title="bbox 2157 635 3739 714">
     <span class='ocr_line' id='line_1_20' title="bbox 2157 635 3739 714; baseline 0.002 -23"><span class='ocrx_word' id='word_1_120' title='bbox 2157 639 2454 704; x_wconf 75' lang='grc' dir='ltr'><strong>αὐθαδείας</strong></span> <span class='ocrx_word' id='word_1_121' title='bbox 2482 642 2683 714; x_wconf 76' lang='grc' dir='ltr'>μέτρια</span> <span class='ocrx_word' id='word_1_122' title='bbox 2712 639 2992 708; x_wconf 71' lang='grc' dir='ltr'>κολάζειν,</span> <span class='ocrx_word' id='word_1_123' title='bbox 3024 641 3113 694; x_wconf 83' lang='grc' dir='ltr'><strong>ίνα</strong></span> <span class='ocrx_word' id='word_1_124' title='bbox 3137 641 3212 711; x_wconf 80' lang='grc' dir='ltr'><strong>μὴ</strong></span> <span class='ocrx_word' id='word_1_125' title='bbox 3245 639 3612 710; x_wconf 75' lang='grc' dir='ltr'>παράδειγμα</span> <span class='ocrx_word' id='word_1_126' title='bbox 3637 635 3739 694; x_wconf 77' lang='grc' dir='ltr'>τοῖς</span> 
     </span>
    </p>
   </div>
   <div class='ocr_carea' id='block_1_21' title="bbox 2151 727 3738 804">
    <p class='ocr_par' dir='ltr' id='par_1_21' title="bbox 2151 727 3738 804">
     <span class='ocr_line' id='line_1_21' title="bbox 2151 727 3738 804; baseline -0.004 -21"><span class='ocrx_word' id='word_1_127' title='bbox 2151 729 2338 795; x_wconf 82' lang='grc' dir='ltr'>ἄλλοις</span> <span class='ocrx_word' id='word_1_128' title='bbox 2363 733 2622 799; x_wconf 72' lang='grc' dir='ltr'><strong>γίνωνται</strong></span> <span class='ocrx_word' id='word_1_129' title='bbox 2646 735 3067 804; x_wconf 81' lang='grc' dir='ltr'>ἀναισχυντίας,</span> <span class='ocrx_word' id='word_1_130' title='bbox 3094 734 3220 797; x_wconf 72' lang='grc' dir='ltr'>τοὺς</span> <span class='ocrx_word' id='word_1_131' title='bbox 3246 733 3304 785; x_wconf 82' lang='grc' dir='ltr'>δὲ</span> <span class='ocrx_word' id='word_1_132' title='bbox 3328 731 3560 792; x_wconf 69' lang='grc' dir='ltr'>λοιποὺς</span> <span class='ocrx_word' id='word_1_133' title='bbox 3583 727 3738 791; x_wconf 76' lang='grc' dir='ltr'>ἀξίως</span> 
     </span>
    </p>
   </div>
   <div class='ocr_carea' id='block_1_22' title="bbox 2156 819 3738 896">
    <p class='ocr_par' dir='ltr' id='par_1_22' title="bbox 2156 819 3738 896">
     <span class='ocr_line' id='line_1_22' title="bbox 2156 819 3738 896; baseline -0.004 -21"><span class='ocrx_word' id='word_1_134' title='bbox 2156 823 2492 893; x_wconf 86' lang='grc' dir='ltr'>ἀμείϐεσθαι</span> <span class='ocrx_word' id='word_1_135' title='bbox 2545 825 2653 880; x_wconf 84' lang='grc' dir='ltr'><strong>τῶν</strong></span> <span class='ocrx_word' id='word_1_136' title='bbox 2703 827 2907 889; x_wconf 85' lang='grc' dir='ltr'>πόνων,</span> <span class='ocrx_word' id='word_1_137' title='bbox 2967 827 3054 880; x_wconf 81' lang='grc' dir='ltr'>ἵνα</span> <span class='ocrx_word' id='word_1_138' title='bbox 3107 827 3174 896; x_wconf 82' lang='grc' dir='ltr'>τῇ</span> <span class='ocrx_word' id='word_1_139' title='bbox 3240 841 3300 877; x_wconf 86' lang='grc' dir='ltr'><strong>τε</strong></span> <span class='ocrx_word' id='word_1_140' title='bbox 3357 823 3590 875; x_wconf 70' lang='grc' dir='ltr'>κολάσει</span> <span class='ocrx_word' id='word_1_141' title='bbox 3641 819 3738 870; x_wconf 72' lang='grc' dir='ltr'>τῶν</span> 
     </span>
    </p>
   </div>
   <div class='ocr_carea' id='block_1_23' title="bbox 2153 907 3740 989">
    <p class='ocr_par' dir='ltr' id='par_1_23' title="bbox 2153 907 3740 989">
     <span class='ocr_line' id='line_1_23' title="bbox 2153 907 3740 989; baseline -0.004 -20"><span class='ocrx_word' id='word_1_142' title='bbox 2153 916 2494 983; x_wconf 70' lang='grc' dir='ltr'>ἀγνωμόνων</span> <span class='ocrx_word' id='word_1_143' title='bbox 2523 918 2760 989; x_wconf 79' lang='grc' dir='ltr'>ἑκφοϐῇ,</span> <span class='ocrx_word' id='word_1_144' title='bbox 2789 907 2885 973; x_wconf 67' lang='grc' dir='ltr'><strong>καὶ</strong></span> <span class='ocrx_word' id='word_1_145' title='bbox 2909 920 2976 988; x_wconf 82' lang='grc' dir='ltr'>τῇ</span> <span class='ocrx_word' id='word_1_146' title='bbox 3011 918 3141 988; x_wconf 71' lang='grc' dir='ltr'>περὶ</span> <span class='ocrx_word' id='word_1_147' title='bbox 3169 916 3267 979; x_wconf 89' lang='grc' dir='ltr'><strong>τάς</strong></span> <span class='ocrx_word' id='word_1_148' title='bbox 3295 915 3625 984; x_wconf 68' lang='grc' dir='ltr'>εὐεργεσίας</span> <span class='ocrx_word' id='word_1_149' title='bbox 3655 930 3740 979; x_wconf 77' lang='grc' dir='ltr'>φιο</span> 
     </span>
    </p>
   </div>
   <div class='ocr_carea' id='block_1_24' title="bbox 2153 1002 3743 1080">
    <p class='ocr_par' dir='ltr' id='par_1_24' title="bbox 2153 1002 3743 1080">
     <span class='ocr_line' id='line_1_24' title="bbox 2153 1002 3743 1080; baseline -0.002 -22"><span class='ocrx_word' id='word_1_150' title='bbox 2153 1004 2377 1078; x_wconf 73' lang='grc' dir='ltr'>λοτιμία</span> <span class='ocrx_word' id='word_1_151' title='bbox 2407 1009 2544 1079; x_wconf 83' lang='grc' dir='ltr'>πρὸς</span> <span class='ocrx_word' id='word_1_152' title='bbox 2577 1009 2796 1064; x_wconf 73' lang='grc' dir='ltr'>εὖνοιαν</span> <span class='ocrx_word' id='word_1_153' title='bbox 2835 1010 3159 1080; x_wconf 71' lang='grc' dir='ltr'><strong>ἐφέλκηται.</strong></span> <span class='ocrx_word' id='word_1_154' title='bbox 3205 1009 3266 1063; x_wconf 83' lang='grc' dir='ltr'>Ὀ</span> <span class='ocrx_word' id='word_1_155' title='bbox 3312 1009 3416 1070; x_wconf 78' lang='grc' dir='ltr'>μὲν</span> <span class='ocrx_word' id='word_1_156' title='bbox 3466 1002 3564 1059; x_wconf 81' lang='grc' dir='ltr'>οὖν</span> <span class='ocrx_word' id='word_1_157' title='bbox 3603 1006 3743 1057; x_wconf 69' lang='grc' dir='ltr'>ἐπεί-</span> 
     </span>
    </p>
   </div>
   <div class='ocr_carea' id='block_1_25' title="bbox 2156 1097 3742 1175">
    <p class='ocr_par' dir='ltr' id='par_1_25' title="bbox 2156 1097 3742 1175">
     <span class='ocr_line' id='line_1_25' title="bbox 2156 1097 3742 1175; baseline 0.006 -24"><span class='ocrx_word' id='word_1_158' title='bbox 2156 1097 2279 1152; x_wconf 85' lang='grc' dir='ltr'>θετο</span> <span class='ocrx_word' id='word_1_159' title='bbox 2306 1101 2550 1168; x_wconf 88' lang='grc' dir='ltr'>αὐτίκα,</span> <span class='ocrx_word' id='word_1_160' title='bbox 2604 1104 2702 1156; x_wconf 77' lang='grc' dir='ltr'>καὶ</span> <span class='ocrx_word' id='word_1_161' title='bbox 2749 1105 2848 1171; x_wconf 85' lang='grc' dir='ltr'>τῆς</span> <span class='ocrx_word' id='word_1_162' title='bbox 2899 1103 3282 1175; x_wconf 74' lang='grc' dir='ltr'>παραινέσεως</span> <span class='ocrx_word' id='word_1_163' title='bbox 3337 1101 3742 1172; x_wconf 69' lang='grc' dir='ltr'><strong>εὐχαριστήσας</strong></span> 
     </span>
    </p>
   </div>
   <div class='ocr_carea' id='block_1_26' title="bbox 2157 1189 3741 1266">
    <p class='ocr_par' dir='ltr' id='par_1_26' title="bbox 2157 1189 3741 1266">
     <span class='ocr_line' id='line_1_26' title="bbox 2157 1189 3741 1266; baseline -0.002 -21"><span class='ocrx_word' id='word_1_164' title='bbox 2157 1189 2408 1260; x_wconf 79' lang='grc' dir='ltr'>βασιλέα,</span> <span class='ocrx_word' id='word_1_165' title='bbox 2441 1194 2742 1262; x_wconf 86' lang='grc' dir='ltr'>πρεσϐείαν</span> <span class='ocrx_word' id='word_1_166' title='bbox 2772 1195 2991 1266; x_wconf 72' lang='grc' dir='ltr'>ἔπεμπε</span> <span class='ocrx_word' id='word_1_167' title='bbox 3025 1195 3160 1266; x_wconf 75' lang='grc' dir='ltr'>πρὸς</span> <span class='ocrx_word' id='word_1_168' title='bbox 3199 1193 3481 1264; x_wconf 80' lang='grc' dir='ltr'>βασιλίδα.</span> <span class='ocrx_word' id='word_1_169' title='bbox 3517 1195 3612 1244; x_wconf 74' lang='grc' dir='ltr'>καὶ</span> <span class='ocrx_word' id='word_1_170' title='bbox 3644 1191 3741 1242; x_wconf 73' lang='grc' dir='ltr'>διε-</span> 
     </span>
    </p>
   </div>
   <div class='ocr_carea' id='block_1_27' title="bbox 2157 1283 3741 1356">
    <p class='ocr_par' dir='ltr' id='par_1_27' title="bbox 2157 1283 3741 1356">
     <span class='ocr_line' id='line_1_27' title="bbox 2157 1283 3741 1356; baseline 0.002 -20"><span class='ocrx_word' id='word_1_171' title='bbox 2157 1285 2348 1351; x_wconf 81' lang='grc' dir='ltr'>λέγετο</span> <span class='ocrx_word' id='word_1_172' title='bbox 2381 1287 2510 1354; x_wconf 78' lang='grc' dir='ltr'>περὶ</span> <span class='ocrx_word' id='word_1_173' title='bbox 2553 1286 2783 1356; x_wconf 77' lang='grc' dir='ltr'><strong>εἰρήνης</strong></span> <span class='ocrx_word' id='word_1_174' title='bbox 2811 1283 2991 1350; x_wconf 81' lang='grc' dir='ltr'>αὖθις.</span> <span class='ocrx_word' id='word_1_175' title='bbox 3045 1286 3391 1355; x_wconf 81' lang='grc' dir='ltr'>Ἀπόκαυχο;</span> <span class='ocrx_word' id='word_1_176' title='bbox 3427 1284 3484 1336; x_wconf 83' lang='grc' dir='ltr'>δὲ</span> <span class='ocrx_word' id='word_1_177' title='bbox 3513 1286 3538 1337; x_wconf 74' lang='grc' dir='ltr'>ὁ</span> <span class='ocrx_word' id='word_1_178' title='bbox 3577 1285 3741 1352; x_wconf 79' lang='grc' dir='ltr'>μέ·,ας</span> 
     </span>
    </p>
   </div>
   <div class='ocr_carea' id='block_1_28' title="bbox 2155 1374 3739 1447">
    <p class='ocr_par' dir='ltr' id='par_1_28' title="bbox 2155 1374 3739 1447">
     <span class='ocr_line' id='line_1_28' title="bbox 2155 1374 3739 1447; baseline 0.004 -19"><span class='ocrx_word' id='word_1_179' title='bbox 2155 1375 2283 1440; x_wconf 78' lang='grc' dir='ltr'>δούξ</span> <span class='ocrx_word' id='word_1_180' title='bbox 2343 1377 2485 1446; x_wconf 86' lang='grc' dir='ltr'><strong>μετά</strong></span> <span class='ocrx_word' id='word_1_181' title='bbox 2523 1376 2632 1429; x_wconf 83' lang='grc' dir='ltr'>τῶν</span> <span class='ocrx_word' id='word_1_182' title='bbox 2677 1378 3054 1447; x_wconf 81' lang='grc' dir='ltr'>συναρχόντων</span> <span class='ocrx_word' id='word_1_183' title='bbox 3087 1378 3217 1446; x_wconf 81' lang='grc' dir='ltr'>περὶ</span> <span class='ocrx_word' id='word_1_184' title='bbox 3259 1375 3360 1445; x_wconf 76' lang='grc' dir='ltr'>μὲν</span> <span class='ocrx_word' id='word_1_185' title='bbox 3393 1379 3495 1443; x_wconf 77' lang='grc' dir='ltr'>τῆς</span> <span class='ocrx_word' id='word_1_186' title='bbox 3530 1374 3739 1443; x_wconf 64' lang='grc' dir='ltr'>εἰρήνης</span> 
     </span>
    </p>
   </div>
   <div class='ocr_carea' id='block_1_29' title="bbox 2157 1467 3737 1540">
    <p class='ocr_par' dir='ltr' id='par_1_29' title="bbox 2157 1467 3737 1540">
     <span class='ocr_line' id='line_1_29' title="bbox 2157 1467 3737 1540; baseline -0.002 -20"><span class='ocrx_word' id='word_1_187' title='bbox 2157 1467 2352 1520; x_wconf 79' lang='grc' dir='ltr'>οὐδένα</span> <span class='ocrx_word' id='word_1_188' title='bbox 2376 1468 2535 1536; x_wconf 78' lang='grc' dir='ltr'>λόγον</span> <span class='ocrx_word' id='word_1_189' title='bbox 2578 1470 2933 1538; x_wconf 83' lang='grc' dir='ltr'>ἐποιήσαντο,</span> <span class='ocrx_word' id='word_1_190' title='bbox 2972 1469 3112 1522; x_wconf 84' lang='grc' dir='ltr'><strong>ἀλλά</strong></span> <span class='ocrx_word' id='word_1_191' title='bbox 3149 1469 3374 1540; x_wconf 81' lang='grc' dir='ltr'>πρῶτον</span> <span class='ocrx_word' id='word_1_192' title='bbox 3403 1469 3503 1538; x_wconf 82' lang='grc' dir='ltr'>μὲν</span> <span class='ocrx_word' id='word_1_193' title='bbox 3538 1467 3737 1518; x_wconf 50' lang='grc' dir='ltr'>ἐκεί-ἥν</span> 
     </span>
    </p>
   </div>
   <div class='ocr_carea' id='block_1_30' title="bbox 2157 1559 3737 1632">
    <p class='ocr_par' dir='ltr' id='par_1_30' title="bbox 2157 1559 3737 1632">
     <span class='ocr_line' id='line_1_30' title="bbox 2157 1559 3737 1632; baseline -0.003 -18"><span class='ocrx_word' id='word_1_194' title='bbox 2157 1561 2524 1631; x_wconf 79' lang='grc' dir='ltr'>κατηγόρουν,</span> <span class='ocrx_word' id='word_1_195' title='bbox 2559 1561 2639 1614; x_wconf 84' lang='grc' dir='ltr'>ὅτι</span> <span class='ocrx_word' id='word_1_196' title='bbox 2677 1562 2964 1632; x_wconf 79' lang='grc' dir='ltr'>σατράπης</span> <span class='ocrx_word' id='word_1_197' title='bbox 2997 1562 3096 1626; x_wconf 81' lang='grc' dir='ltr'>ὢν,</span> <span class='ocrx_word' id='word_1_198' title='bbox 3139 1564 3236 1615; x_wconf 80' lang='grc' dir='ltr'>καὶ</span> <span class='ocrx_word' id='word_1_199' title='bbox 3277 1563 3516 1629; x_wconf 86' lang='grc' dir='ltr'>δύναμιν</span> <span class='ocrx_word' id='word_1_200' title='bbox 3554 1559 3737 1612; x_wconf 78' lang='grc' dir='ltr'>τοσαύ·</span> 
     </span>
    </p>
   </div>
   <div class='ocr_carea' id='block_1_31' title="bbox 2157 1654 3736 1727">
    <p class='ocr_par' dir='ltr' id='par_1_31' title="bbox 2157 1654 3736 1727">
     <span class='ocr_line' id='line_1_31' title="bbox 2157 1654 3736 1727; baseline -0.001 -21"><span class='ocrx_word' id='word_1_201' title='bbox 2157 1671 2260 1724; x_wconf 85' lang='grc' dir='ltr'><strong>την</strong></span> <span class='ocrx_word' id='word_1_202' title='bbox 2289 1656 2650 1726; x_wconf 74' lang='grc' dir='ltr'>κεκτημένος,</span> <span class='ocrx_word' id='word_1_203' title='bbox 2691 1659 2782 1708; x_wconf 65' lang='grc' dir='ltr'>γαί</span> <span class='ocrx_word' id='word_1_204' title='bbox 2816 1662 2968 1726; x_wconf 85' lang='grc' dir='ltr'>παρὰ</span> <span class='ocrx_word' id='word_1_205' title='bbox 3005 1656 3295 1727; x_wconf 84' lang='grc' dir='ltr'>Ῥωμαίων</span> <span class='ocrx_word' id='word_1_206' title='bbox 3327 1654 3424 1707; x_wconf 74' lang='grc' dir='ltr'>καὶ</span> <span class='ocrx_word' id='word_1_207' title='bbox 3457 1654 3736 1723; x_wconf 57' lang='grc' dir='ltr'>βαρϐάρων</span> 
     </span>
    </p>
   </div>
   <div class='ocr_carea' id='block_1_32' title="bbox 2159 1744 3738 1818">
    <p class='ocr_par' dir='ltr' id='par_1_32' title="bbox 2159 1744 3738 1818">
     <span class='ocr_line' id='line_1_32' title="bbox 2159 1744 3738 1818; baseline -0.002 -20"><span class='ocrx_word' id='word_1_208' title='bbox 2159 1744 2473 1815; x_wconf 82' lang='grc' dir='ltr'>τιμώμενος</span> <span class='ocrx_word' id='word_1_209' title='bbox 2530 1748 2828 1814; x_wconf 79' lang='grc' dir='ltr'>τοσοῦτον,</span> <span class='ocrx_word' id='word_1_210' title='bbox 2887 1749 3082 1817; x_wconf 85' lang='grc' dir='ltr'>ὥσπερ</span> <span class='ocrx_word' id='word_1_211' title='bbox 3148 1747 3491 1818; x_wconf 80' lang='grc' dir='ltr'>ἀνδράποδον</span> <span class='ocrx_word' id='word_1_212' title='bbox 3560 1747 3738 1798; x_wconf 77' lang='grc' dir='ltr'>ἕποιτο</span> 
     </span>
    </p>
   </div>
   <div class='ocr_carea' id='block_1_33' title="bbox 2161 1837 3738 1911">
    <p class='ocr_par' dir='ltr' id='par_1_33' title="bbox 2161 1837 3738 1911">
     <span class='ocr_line' id='line_1_33' title="bbox 2161 1837 3738 1911; baseline -0.002 -21"><span class='ocrx_word' id='word_1_213' title='bbox 2161 1838 2628 1910; x_wconf 79' lang='grc' dir='ltr'>Καντακουζηνῴ,</span> <span class='ocrx_word' id='word_1_214' title='bbox 2664 1842 2919 1894; x_wconf 84' lang='grc' dir='ltr'>τοσοῦτον</span> <span class='ocrx_word' id='word_1_215' title='bbox 2966 1841 3158 1911; x_wconf 86' lang='grc' dir='ltr'>χρόνον</span> <span class='ocrx_word' id='word_1_216' title='bbox 3208 1842 3302 1891; x_wconf 72' lang='grc' dir='ltr'><strong>ἐπὶ</strong></span> <span class='ocrx_word' id='word_1_217' title='bbox 3356 1839 3518 1907; x_wconf 79' lang='grc' dir='ltr'>ξένης</span> <span class='ocrx_word' id='word_1_218' title='bbox 3566 1837 3738 1890; x_wconf 60' lang='lat' dir='ltr'><strong>nitas-</strong></span> 
     </span>
    </p>
   </div>
   <div class='ocr_carea' id='block_1_34' title="bbox 469 1909 2057 2005">
    <p class='ocr_par' dir='ltr' id='par_1_34' title="bbox 469 1934 2057 2005">
     <span class='ocr_line' id='line_1_34' title="bbox 469 1934 2057 2005; baseline -0.008 -6"><span class='ocrx_word' id='word_1_219' title='bbox 469 1943 671 2000; x_wconf 87' lang='lat' dir='ltr'><strong>torium</strong></span> <span class='ocrx_word' id='word_1_220' title='bbox 701 1948 867 1995; x_wconf 89' lang='lat' dir='ltr'><strong>noctu</strong></span> <span class='ocrx_word' id='word_1_221' title='bbox 907 1937 1212 2002; x_wconf 83' lang='lat' dir='ltr'><strong>excubarit,</strong></span> <span class='ocrx_word' id='word_1_222' title='bbox 1237 1944 1297 1990; x_wconf 90' lang='lat' dir='ltr'><strong>ut</strong></span> <span class='ocrx_word' id='word_1_223' title='bbox 1330 1937 1445 2005; x_wconf 89' lang='lat' dir='ltr'><strong>ipse</strong></span> <span class='ocrx_word' id='word_1_224' title='bbox 1481 1935 1631 1990; x_wconf 83' lang='lat' dir='ltr'><strong>omni</strong></span> <span class='ocrx_word' id='word_1_225' title='bbox 1663 1944 1808 1988; x_wconf 88' lang='lat' dir='ltr'><strong>metu</strong></span> <span class='ocrx_word' id='word_1_226' title='bbox 1843 1934 2057 1988; x_wconf 88' lang='lat' dir='ltr'><strong>solutus</strong></span> 
     </span>
    </p>
   </div>
   <div class='ocr_carea' id='block_1_35' title="bbox 2162 1909 3736 2005">
    <p class='ocr_par' dir='ltr' id='par_1_35' title="bbox 2167 1909 3736 2002">
     <span class='ocr_line' id='line_1_35' title="bbox 2167 1909 3736 2002; baseline 0 -20"><span class='ocrx_word' id='word_1_227' title='bbox 2167 1930 2388 2001; x_wconf 84' lang='grc' dir='ltr'>πωρῶν,</span> <span class='ocrx_word' id='word_1_228' title='bbox 2413 1909 2721 2002; x_wconf 11' lang='grc' dir='ltr'>έπὶγκέρδει</span> <span class='ocrx_word' id='word_1_229' title='bbox 2766 1932 2867 2002; x_wconf 79' lang='grc' dir='ltr'>μὲν</span> <span class='ocrx_word' id='word_1_230' title='bbox 2900 1909 3102 1996; x_wconf 77' lang='grc' dir='ltr'>οὐδενὶ,</span> <span class='ocrx_word' id='word_1_231' title='bbox 3138 1931 3326 2001; x_wconf 79' lang='grc' dir='ltr'>ἀδοξίᾳ</span> <span class='ocrx_word' id='word_1_232' title='bbox 3361 1931 3419 1983; x_wconf 81' lang='grc' dir='ltr'>δὲ</span> <span class='ocrx_word' id='word_1_233' title='bbox 3469 1930 3669 1999; x_wconf 61' lang='grc' dir='ltr'>ἐσχάτη</span> 
     </span>
    </p>
   </div>
   <div class='ocr_carea' id='block_1_36' title="bbox 465 2026 2057 2101">
    <p class='ocr_par' dir='ltr' id='par_1_36' title="bbox 465 2026 2057 2101">
     <span class='ocr_line' id='line_1_36' title="bbox 465 2026 2057 2101; baseline -0.009 -9"><span class='ocrx_word' id='word_1_234' title='bbox 465 2042 745 2092; x_wconf 68' lang='lat' dir='ltr'><strong>sterteret.</strong></span> <span class='ocrx_word' id='word_1_235' title='bbox 785 2033 913 2087; x_wconf 65' lang='lat' dir='ltr'><strong>Hmc</strong></span> <span class='ocrx_word' id='word_1_236' title='bbox 967 2031 1136 2101; x_wconf 81' lang='lat' dir='ltr'><strong>igitur</strong></span> <span class='ocrx_word' id='word_1_237' title='bbox 1191 2029 1324 2084; x_wconf 85' lang='lat' dir='ltr'><strong>tanti</strong></span> <span class='ocrx_word' id='word_1_238' title='bbox 1353 2030 1513 2099; x_wconf 85' lang='lat' dir='ltr'><strong>plena</strong></span> <span class='ocrx_word' id='word_1_239' title='bbox 1560 2027 1852 2084; x_wconf 84' lang='lat' dir='ltr'><strong>dedecoris</strong></span> <span class='ocrx_word' id='word_1_240' title='bbox 1876 2026 1923 2081; x_wconf 87' lang='lat' dir='ltr'><strong>si</strong></span> <span class='ocrx_word' id='word_1_241' title='bbox 1953 2026 2057 2096; x_wconf 87' lang='lat' dir='ltr'><strong>ipsi</strong></span> 
     </span>
    </p>
   </div>
   <div class='ocr_carea' id='block_1_37' title="bbox 466 2120 2057 2198">
    <p class='ocr_par' dir='ltr' id='par_1_37' title="bbox 466 2120 2057 2198">
     <span class='ocr_line' id='line_1_37' title="bbox 466 2120 2057 2198; baseline -0.006 -16"><span class='ocrx_word' id='word_1_242' title='bbox 466 2136 618 2198; x_wconf 82' lang='lat' dir='ltr'><strong>grata</strong></span> <span class='ocrx_word' id='word_1_243' title='bbox 644 2127 776 2190; x_wconf 89' lang='lat' dir='ltr'><strong>sint,</strong></span> <span class='ocrx_word' id='word_1_244' title='bbox 820 2139 921 2179; x_wconf 88' lang='lat' dir='ltr'><strong>nec</strong></span> <span class='ocrx_word' id='word_1_245' title='bbox 947 2123 1078 2186; x_wconf 83' lang='lat' dir='ltr'><strong>sibi,</strong></span> <span class='ocrx_word' id='word_1_246' title='bbox 1102 2122 1235 2194; x_wconf 89' lang='lat' dir='ltr'><strong>quid</strong></span> <span class='ocrx_word' id='word_1_247' title='bbox 1264 2126 1316 2177; x_wconf 84' lang='lat' dir='ltr'><strong>ei</strong></span> <span class='ocrx_word' id='word_1_248' title='bbox 1341 2120 1549 2177; x_wconf 75' lang='lat' dir='ltr'><strong>fmdum</strong></span> <span class='ocrx_word' id='word_1_249' title='bbox 1587 2131 1752 2191; x_wconf 88' lang='lat' dir='ltr'><strong>atque</strong></span> <span class='ocrx_word' id='word_1_250' title='bbox 1773 2120 2057 2190; x_wconf 86' lang='lat' dir='ltr'><strong>indignum</strong></span> 
     </span>
    </p>
   </div>
   <div class='ocr_carea' id='block_1_38' title="bbox 467 2211 2058 2283">
    <p class='ocr_par' dir='ltr' id='par_1_38' title="bbox 467 2211 2058 2283">
     <span class='ocr_line' id='line_1_38' title="bbox 467 2211 2058 2283; baseline -0.005 -11"><span class='ocrx_word' id='word_1_251' title='bbox 467 2219 679 2274; x_wconf 87' lang='lat' dir='ltr'><strong>accidat</strong></span> <span class='ocrx_word' id='word_1_252' title='bbox 710 2231 856 2272; x_wconf 73' lang='lat' dir='ltr'><strong>cura:</strong></span> <span class='ocrx_word' id='word_1_253' title='bbox 889 2214 1160 2270; x_wconf 85' lang='lat' dir='ltr'><strong>lnturutn.</strong></span> <span class='ocrx_word' id='word_1_254' title='bbox 1199 2215 1359 2270; x_wconf 81' lang='lat' dir='ltr'><strong>Nunc</strong></span> <span class='ocrx_word' id='word_1_255' title='bbox 1391 2217 1436 2267; x_wconf 88' lang='lat' dir='ltr'><strong>si</strong></span> <span class='ocrx_word' id='word_1_256' title='bbox 1473 2223 1580 2268; x_wconf 90' lang='lat' dir='ltr'><strong>tam</strong></span> <span class='ocrx_word' id='word_1_257' title='bbox 1611 2213 1756 2283; x_wconf 82' lang='lat' dir='ltr'><strong>longi</strong></span> <span class='ocrx_word' id='word_1_258' title='bbox 1790 2211 2058 2281; x_wconf 84' lang='lat' dir='ltr'><strong>temporis</strong></span> 
     </span>
    </p>
   </div>
   <div class='ocr_carea' id='block_1_39' title="bbox 470 2303 2060 2371">
    <p class='ocr_par' dir='ltr' id='par_1_39' title="bbox 470 2303 2060 2371">
     <span class='ocr_line' id='line_1_39' title="bbox 470 2303 2060 2371; baseline -0.003 -9"><span class='ocrx_word' id='word_1_259' title='bbox 470 2309 524 2362; x_wconf 91' lang='lat' dir='ltr'><strong>in</strong></span> <span class='ocrx_word' id='word_1_260' title='bbox 550 2318 742 2362; x_wconf 88' lang='lat' dir='ltr'><strong>extero</strong></span> <span class='ocrx_word' id='word_1_261' title='bbox 775 2305 894 2360; x_wconf 90' lang='lat' dir='ltr'><strong>solo</strong></span> <span class='ocrx_word' id='word_1_262' title='bbox 936 2306 1307 2361; x_wconf 81' lang='lat' dir='ltr'><strong>incommodis</strong></span> <span class='ocrx_word' id='word_1_263' title='bbox 1337 2305 1590 2371; x_wconf 85' lang='lat' dir='ltr'><strong>satiatus,</strong></span> <span class='ocrx_word' id='word_1_264' title='bbox 1631 2305 1698 2358; x_wconf 87' lang='lat' dir='ltr'><strong>ad</strong></span> <span class='ocrx_word' id='word_1_265' title='bbox 1727 2303 1887 2359; x_wconf 84' lang='lat' dir='ltr'><strong>sedes</strong></span> <span class='ocrx_word' id='word_1_266' title='bbox 1932 2316 2060 2357; x_wconf 88' lang='lat' dir='ltr'><strong>suas</strong></span> 
     </span>
    </p>
   </div>
   <div class='ocr_carea' id='block_1_40' title="bbox 469 2394 2056 2466">
    <p class='ocr_par' dir='ltr' id='par_1_40' title="bbox 469 2394 2056 2466">
     <span class='ocr_line' id='line_1_40' title="bbox 469 2394 2056 2466; baseline -0.003 -17"><span class='ocrx_word' id='word_1_267' title='bbox 469 2396 670 2450; x_wconf 83' lang='lat' dir='ltr'><strong>reverti</strong></span> <span class='ocrx_word' id='word_1_268' title='bbox 713 2396 1093 2466; x_wconf 87' lang='lat' dir='ltr'><strong>concupiscat,</strong></span> <span class='ocrx_word' id='word_1_269' title='bbox 1133 2410 1193 2449; x_wconf 87' lang='lat' dir='ltr'><strong>se</strong></span> <span class='ocrx_word' id='word_1_270' title='bbox 1242 2410 1464 2464; x_wconf 89' lang='lat' dir='ltr'><strong>quoque</strong></span> <span class='ocrx_word' id='word_1_271' title='bbox 1499 2394 1679 2464; x_wconf 90' lang='lat' dir='ltr'><strong>ipsum</strong></span> <span class='ocrx_word' id='word_1_272' title='bbox 1716 2394 1769 2447; x_wconf 92' lang='lat' dir='ltr'><strong>in</strong></span> <span class='ocrx_word' id='word_1_273' title='bbox 1816 2394 1921 2448; x_wconf 85' lang='lat' dir='ltr'><strong>hoc</strong></span> <span class='ocrx_word' id='word_1_274' title='bbox 1951 2407 2056 2446; x_wconf 91' lang='lat' dir='ltr'><strong>non</strong></span> 
     </span>
    </p>
   </div>
   <div class='ocr_carea' id='block_1_41' title="bbox 468 2485 2061 2557">
    <p class='ocr_par' dir='ltr' id='par_1_41' title="bbox 468 2485 2061 2557">
     <span class='ocr_line' id='line_1_41' title="bbox 468 2485 2061 2557; baseline 0 -17"><span class='ocrx_word' id='word_1_275' title='bbox 468 2486 666 2541; x_wconf 84' lang='lat' dir='ltr'><strong>leviter</strong></span> <span class='ocrx_word' id='word_1_276' title='bbox 718 2486 1036 2557; x_wconf 80' lang='lat' dir='ltr'><strong>adjuturos.</strong></span> <span class='ocrx_word' id='word_1_277' title='bbox 1090 2486 1220 2540; x_wconf 81' lang='lat' dir='ltr'><strong>Sive</strong></span> <span class='ocrx_word' id='word_1_278' title='bbox 1290 2486 1440 2540; x_wconf 89' lang='lat' dir='ltr'><strong>enim</strong></span> <span class='ocrx_word' id='word_1_279' title='bbox 1491 2501 1591 2553; x_wconf 81' lang='lat' dir='ltr'><strong>per</strong></span> <span class='ocrx_word' id='word_1_280' title='bbox 1643 2485 1954 2557; x_wconf 81' lang='lat' dir='ltr'><strong>Bithyniam</strong></span> <span class='ocrx_word' id='word_1_281' title='bbox 2007 2494 2061 2540; x_wconf 88' lang='lat' dir='ltr'><strong>et</strong></span> 
     </span>
    </p>
   </div>
   <div class='ocr_carea' id='block_1_42' title="bbox 468 2576 2060 2649">
    <p class='ocr_par' dir='ltr' id='par_1_42' title="bbox 468 2576 2060 2649">
     <span class='ocr_line' id='line_1_42' title="bbox 468 2576 2060 2649; baseline -0.001 -15"><span class='ocrx_word' id='word_1_282' title='bbox 468 2578 760 2649; x_wconf 79' lang='lat' dir='ltr'><strong>Phrygiam</strong></span> <span class='ocrx_word' id='word_1_283' title='bbox 791 2578 846 2631; x_wconf 91' lang='lat' dir='ltr'><strong>in</strong></span> <span class='ocrx_word' id='word_1_284' title='bbox 888 2578 1095 2632; x_wconf 87' lang='lat' dir='ltr'><strong>Ioniam</strong></span> <span class='ocrx_word' id='word_1_285' title='bbox 1127 2578 1208 2631; x_wconf 88' lang='lat' dir='ltr'><strong>ire</strong></span> <span class='ocrx_word' id='word_1_286' title='bbox 1251 2587 1430 2646; x_wconf 89' lang='lat' dir='ltr'><strong>paret,</strong></span> <span class='ocrx_word' id='word_1_287' title='bbox 1457 2586 1634 2632; x_wconf 88' lang='lat' dir='ltr'><strong>tutum</strong></span> <span class='ocrx_word' id='word_1_288' title='bbox 1667 2579 1774 2633; x_wconf 84' lang='lat' dir='ltr'><strong>iter</strong></span> <span class='ocrx_word' id='word_1_289' title='bbox 1809 2595 1907 2648; x_wconf 88' lang='lat' dir='ltr'><strong>per</strong></span> <span class='ocrx_word' id='word_1_290' title='bbox 1931 2576 2060 2633; x_wconf 76' lang='lat' dir='ltr'><strong>Hel-</strong></span> 
     </span>
    </p>
   </div>
   <div class='ocr_carea' id='block_1_43' title="bbox 469 2667 2059 2740">
    <p class='ocr_par' dir='ltr' id='par_1_43' title="bbox 469 2667 2059 2740">
     <span class='ocr_line' id='line_1_43' title="bbox 469 2667 2059 2740; baseline 0 -16"><span class='ocrx_word' id='word_1_291' title='bbox 469 2671 808 2738; x_wconf 83' lang='lat' dir='ltr'><strong>iespontnm,</strong></span> <span class='ocrx_word' id='word_1_292' title='bbox 841 2679 936 2723; x_wconf 89' lang='lat' dir='ltr'><strong>aut</strong></span> <span class='ocrx_word' id='word_1_293' title='bbox 990 2685 1089 2738; x_wconf 85' lang='lat' dir='ltr'><strong>per</strong></span> <span class='ocrx_word' id='word_1_294' title='bbox 1140 2667 1345 2723; x_wconf 70' lang='lat' dir='ltr'><strong>fretum</strong></span> <span class='ocrx_word' id='word_1_295' title='bbox 1390 2669 1752 2740; x_wconf 75' lang='lat' dir='ltr'><strong>Byzantinum</strong></span> <span class='ocrx_word' id='word_1_296' title='bbox 1781 2669 2059 2739; x_wconf 76' lang='lat' dir='ltr'><strong>praestitu-</strong></span> 
     </span>
    </p>
   </div>
   <div class='ocr_carea' id='block_1_44' title="bbox 475 2759 2059 2829">
    <p class='ocr_par' dir='ltr' id='par_1_44' title="bbox 475 2759 2059 2829">
     <span class='ocr_line' id='line_1_44' title="bbox 475 2759 2059 2829; baseline -0.001 -14"><span class='ocrx_word' id='word_1_297' title='bbox 475 2775 596 2826; x_wconf 82' lang='lat' dir='ltr'><strong>ros;</strong></span> <span class='ocrx_word' id='word_1_298' title='bbox 649 2761 765 2813; x_wconf 81' lang='lat' dir='ltr'><strong>sive</strong></span> <span class='ocrx_word' id='word_1_299' title='bbox 825 2770 972 2814; x_wconf 79' lang='lat' dir='ltr'><strong>recta</strong></span> <span class='ocrx_word' id='word_1_300' title='bbox 1019 2760 1074 2812; x_wconf 87' lang='lat' dir='ltr'><strong>in</strong></span> <span class='ocrx_word' id='word_1_301' title='bbox 1135 2773 1291 2812; x_wconf 87' lang='lat' dir='ltr'><strong>suam</strong></span> <span class='ocrx_word' id='word_1_302' title='bbox 1331 2759 1670 2828; x_wconf 71' lang='lat' dir='ltr'><strong>provinciam</strong></span> <span class='ocrx_word' id='word_1_303' title='bbox 1706 2760 2059 2829; x_wconf 83' lang='lat' dir='ltr'><strong>abnavigare,</strong></span> 
     </span>
    </p>
   </div>
   <div class='ocr_carea' id='block_1_45' title="bbox 475 2849 2060 2922">
    <p class='ocr_par' dir='ltr' id='par_1_45' title="bbox 475 2849 2060 2922">
     <span class='ocr_line' id='line_1_45' title="bbox 475 2849 2060 2922; baseline -0.003 -12"><span class='ocrx_word' id='word_1_304' title='bbox 475 2852 732 2910; x_wconf 78' lang='lat' dir='ltr'><strong>triremes</strong></span> <span class='ocrx_word' id='word_1_305' title='bbox 784 2864 840 2906; x_wconf 88' lang='lat' dir='ltr'><strong>et</strong></span> <span class='ocrx_word' id='word_1_306' title='bbox 894 2851 1000 2906; x_wconf 89' lang='lat' dir='ltr'><strong>alia</strong></span> <span class='ocrx_word' id='word_1_307' title='bbox 1039 2849 1256 2922; x_wconf 82' lang='lat' dir='ltr'><strong>navigia</strong></span> <span class='ocrx_word' id='word_1_308' title='bbox 1296 2850 1548 2917; x_wconf 89' lang='lat' dir='ltr'><strong>daturos,</strong></span> <span class='ocrx_word' id='word_1_309' title='bbox 1589 2867 1711 2921; x_wconf 70' lang='lat' dir='ltr'><strong>quae</strong></span> <span class='ocrx_word' id='word_1_310' title='bbox 1753 2852 2060 2906; x_wconf 79' lang='lat' dir='ltr'><strong>exercitum</strong></span> 
     </span>
    </p>
   </div>
   <div class='ocr_carea' id='block_1_46' title="bbox 477 2943 2062 3016">
    <p class='ocr_par' dir='ltr' id='par_1_46' title="bbox 477 2943 2062 3016">
     <span class='ocr_line' id='line_1_46' title="bbox 477 2943 2062 3016; baseline 0 -17"><span class='ocrx_word' id='word_1_311' title='bbox 477 2944 788 3014; x_wconf 82' lang='lat' dir='ltr'><strong>deportent.</strong></span> <span class='ocrx_word' id='word_1_312' title='bbox 824 2943 887 2998; x_wconf 78' lang='lat' dir='ltr'><strong>Et</strong></span> <span class='ocrx_word' id='word_1_313' title='bbox 921 2944 1052 3014; x_wconf 83' lang='lat' dir='ltr'><strong>quia</strong></span> <span class='ocrx_word' id='word_1_314' title='bbox 1089 2959 1316 3000; x_wconf 85' lang='lat' dir='ltr'><strong>necesse</strong></span> <span class='ocrx_word' id='word_1_315' title='bbox 1346 2945 1565 3012; x_wconf 79' lang='lat' dir='ltr'><strong>habeat,</strong></span> <span class='ocrx_word' id='word_1_316' title='bbox 1591 2947 1758 3000; x_wconf 88' lang='lat' dir='ltr'><strong>etiam</strong></span> <span class='ocrx_word' id='word_1_317' title='bbox 1786 2944 2062 3016; x_wconf 85' lang='lat' dir='ltr'><strong>stipendia</strong></span> 
     </span>
    </p>
   </div>
   <div class='ocr_carea' id='block_1_47' title="bbox 476 3037 2062 3108">
    <p class='ocr_par' dir='ltr' id='par_1_47' title="bbox 476 3037 2062 3108">
     <span class='ocr_line' id='line_1_47' title="bbox 476 3037 2062 3108; baseline 0.003 -16"><span class='ocrx_word' id='word_1_318' title='bbox 476 3037 592 3092; x_wconf 83' lang='lat' dir='ltr'><strong>suis</strong></span> <span class='ocrx_word' id='word_1_319' title='bbox 620 3048 730 3091; x_wconf 86' lang='lat' dir='ltr'><strong>tam</strong></span> <span class='ocrx_word' id='word_1_320' title='bbox 781 3037 878 3092; x_wconf 91' lang='lat' dir='ltr'><strong>diu</strong></span> <span class='ocrx_word' id='word_1_321' title='bbox 911 3037 1182 3093; x_wconf 78' lang='lat' dir='ltr'><strong>militibus</strong></span> <span class='ocrx_word' id='word_1_322' title='bbox 1226 3038 1459 3103; x_wconf 89' lang='lat' dir='ltr'><strong>solvere,</strong></span> <span class='ocrx_word' id='word_1_323' title='bbox 1489 3047 1757 3108; x_wconf 91' lang='lat' dir='ltr'><strong>quantum</strong></span> <span class='ocrx_word' id='word_1_324' title='bbox 1796 3038 2062 3096; x_wconf 82' lang='lat' dir='ltr'><strong>debeatur</strong></span> 
     </span>
    </p>
   </div>
   <div class='ocr_carea' id='block_1_48' title="bbox 474 3129 2062 3202">
    <p class='ocr_par' dir='ltr' id='par_1_48' title="bbox 474 3129 2062 3202">
     <span class='ocr_line' id='line_1_48' title="bbox 474 3129 2062 3202; baseline 0.001 -18"><span class='ocrx_word' id='word_1_325' title='bbox 474 3129 786 3202; x_wconf 83' lang='lat' dir='ltr'><strong>largiturus.</strong></span> <span class='ocrx_word' id='word_1_326' title='bbox 818 3129 944 3186; x_wconf 69' lang='grc' dir='ltr'><strong>ΙΙωο</strong></span> <span class='ocrx_word' id='word_1_327' title='bbox 972 3146 1202 3202; x_wconf 83' lang='lat' dir='ltr'><strong>magnus</strong></span> <span class='ocrx_word' id='word_1_328' title='bbox 1228 3129 1340 3185; x_wconf 87' lang='lat' dir='ltr'><strong>dux</strong></span> <span class='ocrx_word' id='word_1_329' title='bbox 1383 3131 1564 3200; x_wconf 82' lang='lat' dir='ltr'><strong>legato</strong></span> <span class='ocrx_word' id='word_1_330' title='bbox 1615 3129 1920 3198; x_wconf 85' lang='lat' dir='ltr'><strong>respondit.</strong></span> <span class='ocrx_word' id='word_1_331' title='bbox 1959 3129 2062 3185; x_wconf 75' lang='lat' dir='ltr'><strong>Ve-</strong></span> 
     </span>
    </p>
   </div>
   <div class='ocr_carea' id='block_1_49' title="bbox 481 3210 2059 3294">
    <p class='ocr_par' dir='ltr' id='par_1_49' title="bbox 481 3210 2059 3294">
     <span class='ocr_line' id='line_1_49' title="bbox 481 3210 2059 3294; baseline 0.001 -16"><span class='ocrx_word' id='word_1_332' title='bbox 481 3222 891 3280; x_wconf 87' lang='lat' dir='ltr'><strong>rumenimvero</strong></span> <span class='ocrx_word' id='word_1_333' title='bbox 926 3224 1219 3290; x_wconf 40' lang='lat' dir='ltr'><strong>,barbarus</strong></span> <span class='ocrx_word' id='word_1_334' title='bbox 1265 3224 1503 3278; x_wconf 88' lang='lat' dir='ltr'><strong>.domini</strong></span> <span class='ocrx_word' id='word_1_335' title='bbox 1569 3210 2059 3294; x_wconf 82' lang='lat' dir='ltr'><strong>reprehensionem</strong></span> 
     </span>
    </p>
   </div>
   <div class='ocr_carea' id='block_1_50' title="bbox 479 3316 2060 3386">
    <p class='ocr_par' dir='ltr' id='par_1_50' title="bbox 479 3316 2060 3386">
     <span class='ocr_line' id='line_1_50' title="bbox 479 3316 2060 3386; baseline 0.002 -16"><span class='ocrx_word' id='word_1_336' title='bbox 479 3333 585 3370; x_wconf 91' lang='lat' dir='ltr'><strong>non</strong></span> <span class='ocrx_word' id='word_1_337' title='bbox 630 3317 837 3380; x_wconf 77' lang='lat' dir='ltr'><strong>ferens,</strong></span> <span class='ocrx_word' id='word_1_338' title='bbox 887 3316 1160 3372; x_wconf 81' lang='lat' dir='ltr'><strong>Videmini</strong></span> <span class='ocrx_word' id='word_1_339' title='bbox 1193 3316 1349 3380; x_wconf 81' lang='lat' dir='ltr'><strong>milii,</strong></span> <span class='ocrx_word' id='word_1_340' title='bbox 1386 3318 1587 3386; x_wconf 84' lang='lat' dir='ltr'><strong>inquit.</strong></span> <span class='ocrx_word' id='word_1_341' title='bbox 1627 3326 1843 3371; x_wconf 89' lang='lat' dir='ltr'><strong>tantum</strong></span> <span class='ocrx_word' id='word_1_342' title='bbox 1873 3317 2060 3373; x_wconf 85' lang='lat' dir='ltr'><strong>odisse</strong></span> 
     </span>
    </p>
   </div>
   <div class='ocr_carea' id='block_1_51' title="bbox 478 3408 2057 3479">
    <p class='ocr_par' dir='ltr' id='par_1_51' title="bbox 478 3408 2057 3479">
     <span class='ocr_line' id='line_1_51' title="bbox 478 3408 2057 3479; baseline 0.001 -16"><span class='ocrx_word' id='word_1_343' title='bbox 478 3411 702 3474; x_wconf 89' lang='lat' dir='ltr'><strong>multos,</strong></span> <span class='ocrx_word' id='word_1_344' title='bbox 729 3409 959 3479; x_wconf 85' lang='lat' dir='ltr'><strong>diligere</strong></span> <span class='ocrx_word' id='word_1_345' title='bbox 987 3409 1284 3462; x_wconf 88' lang='lat' dir='ltr'><strong>neminem.</strong></span> <span class='ocrx_word' id='word_1_346' title='bbox 1312 3408 1468 3475; x_wconf 78' lang='lat' dir='ltr'><strong>Quod</strong></span> <span class='ocrx_word' id='word_1_347' title='bbox 1488 3409 1534 3464; x_wconf 90' lang='lat' dir='ltr'><strong>si</strong></span> <span class='ocrx_word' id='word_1_348' title='bbox 1562 3425 1724 3465; x_wconf 88' lang='lat' dir='ltr'><strong>secus</strong></span> <span class='ocrx_word' id='word_1_349' title='bbox 1749 3421 1914 3475; x_wconf 88' lang='lat' dir='ltr'><strong>esset,</strong></span> <span class='ocrx_word' id='word_1_350' title='bbox 1948 3426 2057 3465; x_wconf 92' lang='lat' dir='ltr'><strong>non</strong></span> 
     </span>
    </p>
   </div>
   <div class='ocr_carea' id='block_1_52' title="bbox 478 3499 2062 3574">
    <p class='ocr_par' dir='ltr' id='par_1_52' title="bbox 478 3499 2062 3574">
     <span class='ocr_line' id='line_1_52' title="bbox 478 3499 2062 3574; baseline 0.003 -22"><span class='ocrx_word' id='word_1_351' title='bbox 478 3502 555 3554; x_wconf 89' lang='lat' dir='ltr'><strong>ita</strong></span> <span class='ocrx_word' id='word_1_352' title='bbox 585 3502 650 3554; x_wconf 92' lang='lat' dir='ltr'><strong>ad</strong></span> <span class='ocrx_word' id='word_1_353' title='bbox 685 3500 964 3554; x_wconf 84' lang='lat' dir='ltr'><strong>machinas</strong></span> <span class='ocrx_word' id='word_1_354' title='bbox 1013 3509 1071 3555; x_wconf 92' lang='lat' dir='ltr'><strong>et</strong></span> <span class='ocrx_word' id='word_1_355' title='bbox 1109 3499 1340 3553; x_wconf 90' lang='lat' dir='ltr'><strong>insidias</strong></span> <span class='ocrx_word' id='word_1_356' title='bbox 1369 3511 1560 3555; x_wconf 89' lang='lat' dir='ltr'><strong>contra</strong></span> <span class='ocrx_word' id='word_1_357' title='bbox 1607 3502 1798 3558; x_wconf 88' lang='lat' dir='ltr'><strong>hostes</strong></span> <span class='ocrx_word' id='word_1_358' title='bbox 1843 3504 2062 3574; x_wconf 81' lang='lat' dir='ltr'><strong>excogi-</strong></span> 
     </span>
    </p>
   </div>
   <div class='ocr_carea' id='block_1_53' title="bbox 481 3591 2061 3666">
    <p class='ocr_par' dir='ltr' id='par_1_53' title="bbox 481 3591 2061 3666">
     <span class='ocr_line' id='line_1_53' title="bbox 481 3591 2061 3666; baseline 0.004 -20"><span class='ocrx_word' id='word_1_359' title='bbox 481 3593 672 3646; x_wconf 79' lang='lat' dir='ltr'><strong>tandas</strong></span> <span class='ocrx_word' id='word_1_360' title='bbox 714 3591 955 3662; x_wconf 82' lang='lat' dir='ltr'><strong>expediti</strong></span> <span class='ocrx_word' id='word_1_361' title='bbox 991 3593 1213 3657; x_wconf 84' lang='lat' dir='ltr'><strong>essetis,</strong></span> <span class='ocrx_word' id='word_1_362' title='bbox 1260 3591 1449 3661; x_wconf 85' lang='lat' dir='ltr'><strong>lingua</strong></span> <span class='ocrx_word' id='word_1_363' title='bbox 1500 3594 1634 3666; x_wconf 80' lang='lat' dir='ltr'><strong>largi</strong></span> <span class='ocrx_word' id='word_1_364' title='bbox 1670 3595 1736 3649; x_wconf 87' lang='lat' dir='ltr'><strong>aJ</strong></span> <span class='ocrx_word' id='word_1_365' title='bbox 1772 3605 2061 3652; x_wconf 85' lang='lat' dir='ltr'><strong>contume-</strong></span> 
     </span>
    </p>
   </div>
   <div class='ocr_carea' id='block_1_54' title="bbox 475 3682 2060 3756">
    <p class='ocr_par' dir='ltr' id='par_1_54' title="bbox 475 3682 2060 3756">
     <span class='ocr_line' id='line_1_54' title="bbox 475 3682 2060 3756; baseline 0.001 -17"><span class='ocrx_word' id='word_1_366' title='bbox 475 3686 604 3748; x_wconf 74' lang='lat' dir='ltr'><strong>lias,</strong></span> <span class='ocrx_word' id='word_1_367' title='bbox 633 3699 697 3738; x_wconf 87' lang='lat' dir='ltr'><strong>ac</strong></span> <span class='ocrx_word' id='word_1_368' title='bbox 745 3684 791 3737; x_wconf 91' lang='lat' dir='ltr'><strong>si</strong></span> <span class='ocrx_word' id='word_1_369' title='bbox 829 3682 950 3736; x_wconf 79' lang='lat' dir='ltr'><strong>ideo</strong></span> <span class='ocrx_word' id='word_1_370' title='bbox 1010 3699 1130 3738; x_wconf 87' lang='lat' dir='ltr'><strong>eam</strong></span> <span class='ocrx_word' id='word_1_371' title='bbox 1176 3683 1556 3753; x_wconf 87' lang='lat' dir='ltr'><strong>possideretis,</strong></span> <span class='ocrx_word' id='word_1_372' title='bbox 1594 3693 1649 3739; x_wconf 90' lang='lat' dir='ltr'><strong>et</strong></span> <span class='ocrx_word' id='word_1_373' title='bbox 1683 3701 1845 3739; x_wconf 90' lang='lat' dir='ltr'><strong>omne</strong></span> <span class='ocrx_word' id='word_1_374' title='bbox 1887 3701 2060 3756; x_wconf 85' lang='lat' dir='ltr'><strong>genus</strong></span> 
     </span>
    </p>
   </div>
   <div class='ocr_carea' id='block_1_55' title="bbox 479 3776 2056 3846">
    <p class='ocr_par' dir='ltr' id='par_1_55' title="bbox 479 3776 2056 3846">
     <span class='ocr_line' id='line_1_55' title="bbox 479 3776 2056 3846; baseline 0.002 -16"><span class='ocrx_word' id='word_1_375' title='bbox 479 3777 845 3846; x_wconf 88' lang='lat' dir='ltr'><strong>nequitiarutn</strong></span> <span class='ocrx_word' id='word_1_376' title='bbox 895 3785 1236 3840; x_wconf 76' lang='lat' dir='ltr'><strong>exercentes,</strong></span> <span class='ocrx_word' id='word_1_377' title='bbox 1294 3776 1595 3831; x_wconf 89' lang='lat' dir='ltr'><strong>amicorum</strong></span> <span class='ocrx_word' id='word_1_378' title='bbox 1651 3787 1834 3831; x_wconf 85' lang='lat' dir='ltr'><strong>autem</strong></span> <span class='ocrx_word' id='word_1_379' title='bbox 1872 3779 2056 3833; x_wconf 85' lang='lat' dir='ltr'><strong>ollicia</strong></span> 
     </span>
    </p>
   </div>
   <div class='ocr_carea' id='block_1_56' title="bbox 477 3868 2059 3940">
    <p class='ocr_par' dir='ltr' id='par_1_56' title="bbox 477 3868 2059 3940">
     <span class='ocr_line' id='line_1_56' title="bbox 477 3868 2059 3940; baseline 0 -16"><span class='ocrx_word' id='word_1_380' title='bbox 477 3870 728 3924; x_wconf 74' lang='lat' dir='ltr'><strong>funditus</strong></span> <span class='ocrx_word' id='word_1_381' title='bbox 774 3868 1104 3922; x_wconf 88' lang='lat' dir='ltr'><strong>nescientes.</strong></span> <span class='ocrx_word' id='word_1_382' title='bbox 1137 3868 1254 3922; x_wconf 68' lang='lat' dir='ltr'><strong>Prae</strong></span> <span class='ocrx_word' id='word_1_383' title='bbox 1304 3869 1498 3921; x_wconf 88' lang='lat' dir='ltr'><strong>horum</strong></span> <span class='ocrx_word' id='word_1_384' title='bbox 1538 3883 1732 3938; x_wconf 88' lang='lat' dir='ltr'><strong>magna</strong></span> <span class='ocrx_word' id='word_1_385' title='bbox 1781 3870 2059 3940; x_wconf 87' lang='lat' dir='ltr'><strong>imperitia</strong></span> 
     </span>
    </p>
   </div>
   <div class='ocr_carea' id='block_1_57' title="bbox 479 3961 2059 4034">
    <p class='ocr_par' dir='ltr' id='par_1_57' title="bbox 479 3961 2059 4034">
     <span class='ocr_line' id='line_1_57' title="bbox 479 3961 2059 4034; baseline 0.001 -17"><span class='ocrx_word' id='word_1_386' title='bbox 479 3964 762 4017; x_wconf 86' lang='lat' dir='ltr'><strong>dominum</strong></span> <span class='ocrx_word' id='word_1_387' title='bbox 799 3976 981 4015; x_wconf 87' lang='lat' dir='ltr'><strong>meum</strong></span> <span class='ocrx_word' id='word_1_388' title='bbox 1017 3961 1095 4015; x_wconf 91' lang='lat' dir='ltr'><strong>rei</strong></span> <span class='ocrx_word' id='word_1_389' title='bbox 1148 3961 1432 4032; x_wconf 85' lang='lat' dir='ltr'><strong>cujusdam</strong></span> <span class='ocrx_word' id='word_1_390' title='bbox 1481 3962 1696 4017; x_wconf 84' lang='lat' dir='ltr'><strong>servitis</strong></span> <span class='ocrx_word' id='word_1_391' title='bbox 1727 3972 1782 4017; x_wconf 77' lang='lat' dir='ltr'><strong>et</strong></span> <span class='ocrx_word' id='word_1_392' title='bbox 1815 3963 2059 4034; x_wconf 66' lang='lat' dir='ltr'><strong>inglorite</strong></span> 
     </span>
    </p>
   </div>
   <div class='ocr_carea' id='block_1_58' title="bbox 471 4053 2061 4125">
    <p class='ocr_par' dir='ltr' id='par_1_58' title="bbox 471 4053 2061 4125">
     <span class='ocr_line' id='line_1_58' title="bbox 471 4053 2061 4125; baseline -0.001 -15"><span class='ocrx_word' id='word_1_393' title='bbox 471 4053 796 4120; x_wconf 73' lang='lat' dir='ltr'><strong>&#39;accusastis,</strong></span> <span class='ocrx_word' id='word_1_394' title='bbox 827 4054 971 4124; x_wconf 90' lang='lat' dir='ltr'><strong>quod</strong></span> <span class='ocrx_word' id='word_1_395' title='bbox 1003 4053 1394 4124; x_wconf 89' lang='lat' dir='ltr'><strong>imperatorem</strong></span> <span class='ocrx_word' id='word_1_396' title='bbox 1421 4063 1547 4108; x_wconf 89' lang='lat' dir='ltr'><strong>ante</strong></span> <span class='ocrx_word' id='word_1_397' title='bbox 1583 4055 1700 4125; x_wconf 85' lang='lat' dir='ltr'><strong>ejus</strong></span> <span class='ocrx_word' id='word_1_398' title='bbox 1735 4055 2061 4110; x_wconf 85' lang='lat' dir='ltr'><strong>tabernacu-</strong></span> 
     </span>
    </p>
   </div>
   <div class='ocr_carea' id='block_1_59' title="bbox 476 4145 2060 4217">
    <p class='ocr_par' dir='ltr' id='par_1_59' title="bbox 476 4145 2060 4217">
     <span class='ocr_line' id='line_1_59' title="bbox 476 4145 2060 4217; baseline -0.001 -15"><span class='ocrx_word' id='word_1_399' title='bbox 476 4148 592 4202; x_wconf 88' lang='lat' dir='ltr'><strong>lum</strong></span> <span class='ocrx_word' id='word_1_400' title='bbox 625 4147 928 4209; x_wconf 77' lang='lat' dir='ltr'><strong>excubans,</strong></span> <span class='ocrx_word' id='word_1_401' title='bbox 982 4145 1051 4200; x_wconf 90' lang='lat' dir='ltr'><strong>ab</strong></span> <span class='ocrx_word' id='word_1_402' title='bbox 1103 4146 1540 4212; x_wconf 70' lang='lat' dir='ltr'><strong>insidiatoriLns,</strong></span> <span class='ocrx_word' id='word_1_403' title='bbox 1573 4147 1667 4217; x_wconf 89' lang='lat' dir='ltr'><strong>qui</strong></span> <span class='ocrx_word' id='word_1_404' title='bbox 1717 4148 1875 4202; x_wconf 87' lang='lat' dir='ltr'><strong>multi</strong></span> <span class='ocrx_word' id='word_1_405' title='bbox 1902 4157 2060 4203; x_wconf 84' lang='lat' dir='ltr'><strong>erant</strong></span> 
     </span>
    </p>
   </div>
   <div class='ocr_carea' id='block_1_60' title="bbox 476 4239 2059 4306">
    <p class='ocr_par' dir='ltr' id='par_1_60' title="bbox 476 4239 2059 4306">
     <span class='ocr_line' id='line_1_60' title="bbox 476 4239 2059 4306; baseline 0.001 -10"><span class='ocrx_word' id='word_1_406' title='bbox 476 4240 822 4304; x_wconf 84' lang='lat' dir='ltr'><strong>custodierit,</strong></span> <span class='ocrx_word' id='word_1_407' title='bbox 845 4241 1023 4294; x_wconf 87' lang='lat' dir='ltr'><strong>victus</strong></span> <span class='ocrx_word' id='word_1_408' title='bbox 1047 4239 1262 4294; x_wconf 70' lang='lat' dir='ltr'><strong>St‘iliCCl</strong></span> <span class='ocrx_word' id='word_1_409' title='bbox 1281 4255 1466 4295; x_wconf 89' lang='lat' dir='ltr'><strong>amore</strong></span> <span class='ocrx_word' id='word_1_410' title='bbox 1496 4241 1664 4306; x_wconf 84' lang='lat' dir='ltr'><strong>illius,</strong></span> <span class='ocrx_word' id='word_1_411' title='bbox 1695 4251 1750 4296; x_wconf 91' lang='lat' dir='ltr'><strong>et</strong></span> <span class='ocrx_word' id='word_1_412' title='bbox 1770 4242 2059 4297; x_wconf 78' lang='lat' dir='ltr'><strong>ali‘ectione</strong></span> 
     </span>
    </p>
   </div>
   <div class='ocr_carea' id='block_1_61' title="bbox 477 4328 2060 4400">
    <p class='ocr_par' dir='ltr' id='par_1_61' title="bbox 477 4328 2060 4400">
     <span class='ocr_line' id='line_1_61' title="bbox 477 4328 2060 4400; baseline 0.002 -15"><span class='ocrx_word' id='word_1_413' title='bbox 477 4331 592 4386; x_wconf 89' lang='lat' dir='ltr'><strong>sola</strong></span> <span class='ocrx_word' id='word_1_414' title='bbox 627 4331 873 4385; x_wconf 89' lang='lat' dir='ltr'><strong>omnium</strong></span> <span class='ocrx_word' id='word_1_415' title='bbox 903 4328 1256 4383; x_wconf 80' lang='lat' dir='ltr'><strong>aﬂ‘ectionum</strong></span> <span class='ocrx_word' id='word_1_416' title='bbox 1289 4331 1716 4400; x_wconf 86' lang='lat' dir='ltr'><strong>jucundissima,</strong></span> <span class='ocrx_word' id='word_1_417' title='bbox 1748 4342 1804 4387; x_wconf 84' lang='lat' dir='ltr'><strong>et</strong></span> <span class='ocrx_word' id='word_1_418' title='bbox 1841 4333 1908 4388; x_wconf 86' lang='lat' dir='ltr'><strong>ab</strong></span> <span class='ocrx_word' id='word_1_419' title='bbox 1937 4349 2060 4388; x_wconf 87' lang='lat' dir='ltr'><strong>om-</strong></span> 
     </span>
    </p>
   </div>
   <div class='ocr_carea' id='block_1_62' title="bbox 479 4422 2062 4493">
    <p class='ocr_par' dir='ltr' id='par_1_62' title="bbox 479 4422 2062 4493">
     <span class='ocr_line' id='line_1_62' title="bbox 479 4422 2062 4493; baseline 0.003 -15"><span class='ocrx_word' id='word_1_420' title='bbox 479 4425 643 4479; x_wconf 84' lang='lat' dir='ltr'><strong>nibus</strong></span> <span class='ocrx_word' id='word_1_421' title='bbox 669 4423 977 4493; x_wconf 80' lang='lat' dir='ltr'><strong>expetenda</strong></span> <span class='ocrx_word' id='word_1_422' title='bbox 1016 4422 1304 4478; x_wconf 88' lang='lat' dir='ltr'><strong>subactus.</strong></span> <span class='ocrx_word' id='word_1_423' title='bbox 1341 4422 1702 4493; x_wconf 83' lang='lat' dir='ltr'><strong>lnterrogabo</strong></span> <span class='ocrx_word' id='word_1_424' title='bbox 1737 4435 1924 4481; x_wconf 88' lang='lat' dir='ltr'><strong>autem</strong></span> <span class='ocrx_word' id='word_1_425' title='bbox 1968 4444 2062 4485; x_wconf 69' lang='lat' dir='ltr'><strong>vos</strong></span> 
     </span>
    </p>
   </div>
   <div class='ocr_carea' id='block_1_63' title="bbox 481 4515 2062 4585">
    <p class='ocr_par' dir='ltr' id='par_1_63' title="bbox 481 4515 2062 4585">
     <span class='ocr_line' id='line_1_63' title="bbox 481 4515 2062 4585; baseline 0.004 -15"><span class='ocrx_word' id='word_1_426' title='bbox 481 4526 604 4572; x_wconf 91' lang='lat' dir='ltr'><strong>uter</strong></span> <span class='ocrx_word' id='word_1_427' title='bbox 633 4515 830 4570; x_wconf 90' lang='lat' dir='ltr'><strong>melius</strong></span> <span class='ocrx_word' id='word_1_428' title='bbox 879 4515 947 4570; x_wconf 86' lang='lat' dir='ltr'><strong>de</strong></span> <span class='ocrx_word' id='word_1_429' title='bbox 987 4515 1210 4581; x_wconf 89' lang='lat' dir='ltr'><strong>decoro,</strong></span> <span class='ocrx_word' id='word_1_430' title='bbox 1240 4523 1297 4569; x_wconf 92' lang='lat' dir='ltr'><strong>et</strong></span> <span class='ocrx_word' id='word_1_431' title='bbox 1339 4515 1408 4568; x_wconf 88' lang='lat' dir='ltr'><strong>de</strong></span> <span class='ocrx_word' id='word_1_432' title='bbox 1459 4516 1611 4585; x_wconf 89' lang='lat' dir='ltr'><strong>justo</strong></span> <span class='ocrx_word' id='word_1_433' title='bbox 1658 4525 1714 4570; x_wconf 92' lang='lat' dir='ltr'><strong>et</strong></span> <span class='ocrx_word' id='word_1_434' title='bbox 1757 4517 2062 4576; x_wconf 76' lang='lat' dir='ltr'><strong>honorifico</strong></span> 
     </span>
    </p>
   </div>
   <div class='ocr_carea' id='block_1_64' title="bbox 2161 2025 3739 2096">
    <p class='ocr_par' dir='ltr' id='par_1_64' title="bbox 2161 2025 3739 2096">
     <span class='ocr_line' id='line_1_64' title="bbox 2161 2025 3739 2096; baseline -0.002 -19"><span class='ocrx_word' id='word_1_435' title='bbox 2161 2025 2567 2095; x_wconf 74' lang='grc' dir='ltr'>περιϐέϐληκεν</span> <span class='ocrx_word' id='word_1_436' title='bbox 2616 2027 2782 2080; x_wconf 83' lang='grc' dir='ltr'>αὐτὸν</span> <span class='ocrx_word' id='word_1_437' title='bbox 2832 2026 2998 2081; x_wconf 81' lang='grc' dir='ltr'>ἑκών.</span> <span class='ocrx_word' id='word_1_438' title='bbox 3043 2027 3119 2079; x_wconf 79' lang='grc' dir='ltr'><strong>τὸ</strong></span> <span class='ocrx_word' id='word_1_439' title='bbox 3169 2027 3225 2080; x_wconf 84' lang='grc' dir='ltr'>δὲ</span> <span class='ocrx_word' id='word_1_440' title='bbox 3267 2026 3332 2096; x_wconf 78' lang='grc' dir='ltr'>δὴ</span> <span class='ocrx_word' id='word_1_441' title='bbox 3381 2025 3640 2095; x_wconf 78' lang='grc' dir='ltr'>μέγιστον</span> <span class='ocrx_word' id='word_1_442' title='bbox 3665 2027 3739 2076; x_wconf 82' lang='grc' dir='ltr'>ὅτι</span> 
     </span>
    </p>
   </div>
   <div class='ocr_carea' id='block_1_65' title="bbox 2161 2116 3737 2190">
    <p class='ocr_par' dir='ltr' id='par_1_65' title="bbox 2161 2116 3737 2190">
     <span class='ocr_line' id='line_1_65' title="bbox 2161 2116 3737 2190; baseline 0.003 -20"><span class='ocrx_word' id='word_1_443' title='bbox 2161 2119 2253 2170; x_wconf 72' lang='grc' dir='ltr'>καὶ</span> <span class='ocrx_word' id='word_1_444' title='bbox 2303 2118 2608 2190; x_wconf 76' lang='grc' dir='ltr'>δορυφόρου</span> <span class='ocrx_word' id='word_1_445' title='bbox 2660 2120 2816 2184; x_wconf 78' lang='grc' dir='ltr'>τάξιν</span> <span class='ocrx_word' id='word_1_446' title='bbox 2865 2121 3090 2190; x_wconf 77' lang='grc' dir='ltr'>ἐπέχειν</span> <span class='ocrx_word' id='word_1_447' title='bbox 3145 2118 3252 2172; x_wconf 65' lang='grc' dir='ltr'>οὐχ’</span> <span class='ocrx_word' id='word_1_448' title='bbox 3301 2119 3552 2190; x_wconf 68' lang='grc' dir='ltr'>ᾐσχύνθη</span> <span class='ocrx_word' id='word_1_449' title='bbox 3614 2116 3737 2186; x_wconf 71' lang='grc' dir='ltr'>πρὸς</span> 
     </span>
    </p>
   </div>
   <div class='ocr_carea' id='block_1_66' title="bbox 2159 2210 3740 2284">
    <p class='ocr_par' dir='ltr' id='par_1_66' title="bbox 2159 2210 3740 2284">
     <span class='ocr_line' id='line_1_66' title="bbox 2159 2210 3740 2284; baseline 0.003 -20"><span class='ocrx_word' id='word_1_450' title='bbox 2159 2212 2647 2282; x_wconf 74' lang='grc' dir='ltr'>Καντακουζηνδν,</span> <span class='ocrx_word' id='word_1_451' title='bbox 2697 2213 2815 2266; x_wconf 72' lang='grc' dir='ltr'>ἀλλ’</span> <span class='ocrx_word' id='word_1_452' title='bbox 2841 2215 2934 2266; x_wconf 77' lang='grc' dir='ltr'><strong>ἐπὶ</strong></span> <span class='ocrx_word' id='word_1_453' title='bbox 2967 2215 3068 2284; x_wconf 80' lang='grc' dir='ltr'>τὴν</span> <span class='ocrx_word' id='word_1_454' title='bbox 3099 2213 3315 2266; x_wconf 80' lang='grc' dir='ltr'>ἐκείνου</span> <span class='ocrx_word' id='word_1_455' title='bbox 3355 2213 3566 2283; x_wconf 78' lang='grc' dir='ltr'>σκηνὴν</span> <span class='ocrx_word' id='word_1_456' title='bbox 3595 2210 3740 2280; x_wconf 70' lang='grc' dir='ltr'>ἐρχό-</span> 
     </span>
    </p>
   </div>
   <div class='ocr_carea' id='block_1_67' title="bbox 2163 2303 3736 2376">
    <p class='ocr_par' dir='ltr' id='par_1_67' title="bbox 2163 2303 3736 2376">
     <span class='ocr_line' id='line_1_67' title="bbox 2163 2303 3736 2376; baseline 0.009 -22"><span class='ocrx_word' id='word_1_457' title='bbox 2163 2319 2346 2372; x_wconf 81' lang='grc' dir='ltr'>μενος,</span> <span class='ocrx_word' id='word_1_458' title='bbox 2379 2305 2693 2376; x_wconf 80' lang='grc' dir='ltr'>ἀγρυπνοίη</span> <span class='ocrx_word' id='word_1_459' title='bbox 2759 2303 2998 2375; x_wconf 81' lang='grc' dir='ltr'>νύκτωρ,</span> <span class='ocrx_word' id='word_1_460' title='bbox 3055 2305 3132 2368; x_wconf 85' lang='grc' dir='ltr'>ὡς</span> <span class='ocrx_word' id='word_1_461' title='bbox 3190 2305 3259 2358; x_wconf 82' lang='grc' dir='ltr'><strong>ἀν</strong></span> <span class='ocrx_word' id='word_1_462' title='bbox 3310 2307 3525 2366; x_wconf 72' lang='grc' dir='ltr'>ἐκεῖνος</span> <span class='ocrx_word' id='word_1_463' title='bbox 3576 2304 3736 2374; x_wconf 67' lang='grc' dir='ltr'>ῥέγκει</span> 
     </span>
    </p>
   </div>
   <div class='ocr_carea' id='block_1_68' title="bbox 2165 2395 3738 2468">
    <p class='ocr_par' dir='ltr' id='par_1_68' title="bbox 2165 2395 3738 2468">
     <span class='ocr_line' id='line_1_68' title="bbox 2165 2395 3738 2468; baseline -0.001 -20"><span class='ocrx_word' id='word_1_464' title='bbox 2165 2395 2333 2464; x_wconf 77' lang='grc' dir='ltr'>μηδὲν</span> <span class='ocrx_word' id='word_1_465' title='bbox 2366 2395 2722 2466; x_wconf 80' lang='grc' dir='ltr'>ὑφορώμενος</span> <span class='ocrx_word' id='word_1_466' title='bbox 2747 2396 2943 2451; x_wconf 88' lang='grc' dir='ltr'>δεινόν.</span> <span class='ocrx_word' id='word_1_467' title='bbox 2978 2395 3170 2450; x_wconf 80' lang='grc' dir='ltr'>Ταῦτα</span> <span class='ocrx_word' id='word_1_468' title='bbox 3202 2397 3302 2468; x_wconf 83' lang='grc' dir='ltr'>μὲν</span> <span class='ocrx_word' id='word_1_469' title='bbox 3332 2395 3428 2450; x_wconf 79' lang='grc' dir='ltr'>οὖν</span> <span class='ocrx_word' id='word_1_470' title='bbox 3455 2397 3536 2458; x_wconf 86' lang='grc' dir='ltr'><strong>είς</strong></span> <span class='ocrx_word' id='word_1_471' title='bbox 3565 2395 3738 2448; x_wconf 67' lang='lat' dir='ltr'><strong>roseti-</strong></span> 
     </span>
    </p>
   </div>
   <div class='ocr_carea' id='block_1_69' title="bbox 2161 2485 3739 2558">
    <p class='ocr_par' dir='ltr' id='par_1_69' title="bbox 2161 2485 3739 2558">
     <span class='ocr_line' id='line_1_69' title="bbox 2161 2485 3739 2558; baseline -0.001 -19"><span class='ocrx_word' id='word_1_472' title='bbox 2161 2502 2254 2539; x_wconf 89' lang='grc' dir='ltr'><strong>τον</strong></span> <span class='ocrx_word' id='word_1_473' title='bbox 2285 2485 2507 2551; x_wconf 77' lang='grc' dir='ltr'>ἀδοξίας</span> <span class='ocrx_word' id='word_1_474' title='bbox 2540 2487 2745 2556; x_wconf 73' lang='grc' dir='ltr'>ἄγοντα</span> <span class='ocrx_word' id='word_1_475' title='bbox 2779 2489 2968 2552; x_wconf 77' lang='grc' dir='ltr'>αὐτὸν,</span> <span class='ocrx_word' id='word_1_476' title='bbox 3007 2491 3055 2542; x_wconf 87' lang='grc' dir='ltr'><strong>εί</strong></span> <span class='ocrx_word' id='word_1_477' title='bbox 3103 2489 3263 2558; x_wconf 88' lang='grc' dir='ltr'>φίλον</span> <span class='ocrx_word' id='word_1_478' title='bbox 3293 2490 3495 2558; x_wconf 79' lang='grc' dir='ltr'>ἐκείνῳ</span> <span class='ocrx_word' id='word_1_479' title='bbox 3527 2485 3739 2540; x_wconf 71' lang='grc' dir='ltr'>τοιαῦτα</span> 
     </span>
    </p>
   </div>
   <div class='ocr_carea' id='block_1_70' title="bbox 2163 2578 3739 2652">
    <p class='ocr_par' dir='ltr' id='par_1_70' title="bbox 2163 2578 3739 2652">
     <span class='ocr_line' id='line_1_70' title="bbox 2163 2578 3739 2652; baseline 0 -20"><span class='ocrx_word' id='word_1_480' title='bbox 2163 2578 2484 2648; x_wconf 81' lang='grc' dir='ltr'>ὑπομένειν,</span> <span class='ocrx_word' id='word_1_481' title='bbox 2549 2581 2660 2634; x_wconf 78' lang='grc' dir='ltr'>οὐδ’</span> <span class='ocrx_word' id='word_1_482' title='bbox 2685 2582 2872 2644; x_wconf 79' lang='grc' dir='ltr'>αὐτοῖς</span> <span class='ocrx_word' id='word_1_483' title='bbox 2931 2583 3194 2652; x_wconf 76' lang='grc' dir='ltr'>μελήσειν</span> <span class='ocrx_word' id='word_1_484' title='bbox 3241 2583 3373 2652; x_wconf 76' lang='grc' dir='ltr'>περὶ</span> <span class='ocrx_word' id='word_1_485' title='bbox 3407 2580 3509 2649; x_wconf 79' lang='grc' dir='ltr'>τῆς</span> <span class='ocrx_word' id='word_1_486' title='bbox 3537 2579 3739 2633; x_wconf 71' lang='grc' dir='ltr'>ἐκείνου</span> 
     </span>
    </p>
   </div>
   <div class='ocr_carea' id='block_1_71' title="bbox 2163 2669 3742 2744">
    <p class='ocr_par' dir='ltr' id='par_1_71' title="bbox 2163 2669 3742 2744">
     <span class='ocr_line' id='line_1_71' title="bbox 2163 2669 3742 2744; baseline -0.001 -22"><span class='ocrx_word' id='word_1_487' title='bbox 2163 2669 2397 2742; x_wconf 75' lang='grc' dir='ltr'>ὖϐρεως.</span> <span class='ocrx_word' id='word_1_488' title='bbox 2433 2671 2574 2726; x_wconf 72' lang='grc' dir='ltr'>Νυνὶ</span> <span class='ocrx_word' id='word_1_489' title='bbox 2603 2673 2660 2726; x_wconf 71' lang='grc' dir='ltr'>δὲ</span> <span class='ocrx_word' id='word_1_490' title='bbox 2695 2675 2746 2727; x_wconf 89' lang='grc' dir='ltr'><strong>εί</strong></span> <span class='ocrx_word' id='word_1_491' title='bbox 2786 2673 3038 2743; x_wconf 75' lang='grc' dir='ltr'>ἀρκοῦσα</span> <span class='ocrx_word' id='word_1_492' title='bbox 3076 2673 3257 2738; x_wconf 77' lang='grc' dir='ltr'>ἔδοξεν</span> <span class='ocrx_word' id='word_1_493' title='bbox 3287 2676 3320 2744; x_wconf 78' lang='grc' dir='ltr'><strong>ἠ</strong></span> <span class='ocrx_word' id='word_1_494' title='bbox 3353 2674 3449 2725; x_wconf 74' lang='grc' dir='ltr'><strong>ἐπὶ</strong></span> <span class='ocrx_word' id='word_1_495' title='bbox 3491 2670 3742 2726; x_wconf 72' lang='grc' dir='ltr'>τοσοῦτον</span> 
     </span>
    </p>
   </div>
   <div class='ocr_carea' id='block_1_72' title="bbox 2161 2766 3740 2838">
    <p class='ocr_par' dir='ltr' id='par_1_72' title="bbox 2161 2766 3740 2838">
     <span class='ocr_line' id='line_1_72' title="bbox 2161 2766 3740 2838; baseline -0.001 -22"><span class='ocrx_word' id='word_1_496' title='bbox 2161 2766 2353 2835; x_wconf 89' lang='grc' dir='ltr'>χρόνον</span> <span class='ocrx_word' id='word_1_497' title='bbox 2383 2766 2478 2818; x_wconf 76' lang='grc' dir='ltr'><strong>ἐπὶ</strong></span> <span class='ocrx_word' id='word_1_498' title='bbox 2520 2769 2617 2835; x_wconf 87' lang='grc' dir='ltr'><strong>τῆς</strong></span> <span class='ocrx_word' id='word_1_499' title='bbox 2655 2767 2814 2838; x_wconf 80' lang='grc' dir='ltr'>ξένης</span> <span class='ocrx_word' id='word_1_500' title='bbox 2848 2768 3202 2838; x_wconf 76' lang='grc' dir='ltr'>ταλαιπωρία</span> <span class='ocrx_word' id='word_1_501' title='bbox 3247 2769 3344 2822; x_wconf 77' lang='grc' dir='ltr'>καὶ</span> <span class='ocrx_word' id='word_1_502' title='bbox 3374 2767 3551 2819; x_wconf 82' lang='grc' dir='ltr'>δέοιτο</span> <span class='ocrx_word' id='word_1_503' title='bbox 3582 2767 3740 2817; x_wconf 76' lang='grc' dir='ltr'>ἑπανο</span> 
     </span>
    </p>
   </div>
   <div class='ocr_carea' id='block_1_73' title="bbox 2163 2857 3737 2930">
    <p class='ocr_par' dir='ltr' id='par_1_73' title="bbox 2163 2857 3737 2930">
     <span class='ocr_line' id='line_1_73' title="bbox 2163 2857 3737 2930; baseline -0.003 -20"><span class='ocrx_word' id='word_1_504' title='bbox 2163 2858 2338 2910; x_wconf 84' lang='grc' dir='ltr'>ελθεῐν</span> <span class='ocrx_word' id='word_1_505' title='bbox 2365 2859 2501 2930; x_wconf 65' lang='grc' dir='ltr'>πρὸς</span> <span class='ocrx_word' id='word_1_506' title='bbox 2529 2859 2628 2930; x_wconf 79' lang='grc' dir='ltr'>τὴν</span> <span class='ocrx_word' id='word_1_507' title='bbox 2650 2859 2884 2924; x_wconf 72' lang='grc' dir='ltr'>οἰκείαν,</span> <span class='ocrx_word' id='word_1_508' title='bbox 2919 2858 3286 2930; x_wconf 73' lang='grc' dir='ltr'>ξυλλήψεσθαι</span> <span class='ocrx_word' id='word_1_509' title='bbox 3330 2857 3433 2911; x_wconf 86' lang='grc' dir='ltr'><strong>οὐκ</strong></span> <span class='ocrx_word' id='word_1_510' title='bbox 3462 2857 3622 2924; x_wconf 79' lang='grc' dir='ltr'>ὀλίγα</span> <span class='ocrx_word' id='word_1_511' title='bbox 3652 2857 3737 2908; x_wconf 79' lang='lat' dir='ltr'><strong>ni</strong></span> 
     </span>
    </p>
   </div>
   <div class='ocr_carea' id='block_1_74' title="bbox 2165 2948 3736 3021">
    <p class='ocr_par' dir='ltr' id='par_1_74' title="bbox 2165 2948 3736 3021">
     <span class='ocr_line' id='line_1_74' title="bbox 2165 2948 3736 3021; baseline -0.004 -19"><span class='ocrx_word' id='word_1_512' title='bbox 2165 2948 2388 3012; x_wconf 87' lang='grc' dir='ltr'>αὐτούς.</span> <span class='ocrx_word' id='word_1_513' title='bbox 2419 2950 2545 3003; x_wconf 79' lang='grc' dir='ltr'>Εἴτε</span> <span class='ocrx_word' id='word_1_514' title='bbox 2576 2951 2686 3021; x_wconf 84' lang='grc' dir='ltr'><strong>γὰρ</strong></span> <span class='ocrx_word' id='word_1_515' title='bbox 2707 2951 2800 3004; x_wconf 83' lang='grc' dir='ltr'>διὰ</span> <span class='ocrx_word' id='word_1_516' title='bbox 2824 2951 3079 3014; x_wconf 81' lang='grc' dir='ltr'>Βιθυνίας</span> <span class='ocrx_word' id='word_1_517' title='bbox 3128 2953 3223 3006; x_wconf 69' lang='grc' dir='ltr'>καὶ</span> <span class='ocrx_word' id='word_1_518' title='bbox 3259 2951 3504 3019; x_wconf 79' lang='grc' dir='ltr'>Φρυγίας</span> <span class='ocrx_word' id='word_1_519' title='bbox 3533 2951 3623 3002; x_wconf 73' lang='grc' dir='ltr'><strong>ἐπὶ</strong></span> <span class='ocrx_word' id='word_1_520' title='bbox 3650 2949 3736 3016; x_wconf 73' lang='grc' dir='ltr'>τὴν</span> 
     </span>
    </p>
   </div>
   <div class='ocr_carea' id='block_1_75' title="bbox 2176 3041 3736 3112">
    <p class='ocr_par' dir='ltr' id='par_1_75' title="bbox 2176 3041 3736 3112">
     <span class='ocr_line' id='line_1_75' title="bbox 2176 3041 3736 3112; baseline -0.003 -16"><span class='ocrx_word' id='word_1_521' title='bbox 2176 3041 2387 3096; x_wconf 79' lang='grc' dir='ltr'>Ἰωνίαν</span> <span class='ocrx_word' id='word_1_522' title='bbox 2427 3041 2677 3112; x_wconf 87' lang='grc' dir='ltr'>βούλοιτο</span> <span class='ocrx_word' id='word_1_523' title='bbox 2709 3042 2908 3105; x_wconf 74' lang='grc' dir='ltr'>ἐλθεῖν,</span> <span class='ocrx_word' id='word_1_524' title='bbox 2947 3043 3080 3098; x_wconf 80' lang='grc' dir='ltr'>ἀδεᾶ</span> <span class='ocrx_word' id='word_1_525' title='bbox 3113 3043 3205 3096; x_wconf 74' lang='grc' dir='ltr'><strong>τὸν</strong></span> <span class='ocrx_word' id='word_1_526' title='bbox 3239 3044 3407 3112; x_wconf 82' lang='grc' dir='ltr'>πόρον</span> <span class='ocrx_word' id='word_1_527' title='bbox 3445 3043 3736 3110; x_wconf 77' lang='grc' dir='ltr'>παρασχεῖν</span> 
     </span>
    </p>
   </div>
   <div class='ocr_carea' id='block_1_76' title="bbox 2165 3132 3735 3207">
    <p class='ocr_par' dir='ltr' id='par_1_76' title="bbox 2165 3132 3735 3207">
     <span class='ocr_line' id='line_1_76' title="bbox 2165 3132 3735 3207; baseline -0.004 -21"><span class='ocrx_word' id='word_1_528' title='bbox 2165 3134 2362 3198; x_wconf 76' lang='grc' dir='ltr'>αὐτοὺς</span> <span class='ocrx_word' id='word_1_529' title='bbox 2392 3135 2486 3187; x_wconf 77' lang='grc' dir='ltr'><strong>ἐπὶ</strong></span> <span class='ocrx_word' id='word_1_530' title='bbox 2522 3136 2614 3187; x_wconf 75' lang='grc' dir='ltr'><strong>τὸν</strong></span> <span class='ocrx_word' id='word_1_531' title='bbox 2658 3134 3073 3206; x_wconf 81' lang='grc' dir='ltr'>Ἑλλήσποντον,</span> <span class='ocrx_word' id='word_1_532' title='bbox 3103 3137 3138 3207; x_wconf 72' lang='grc' dir='ltr'><strong>ἢ</strong></span> <span class='ocrx_word' id='word_1_533' title='bbox 3159 3135 3252 3187; x_wconf 78' lang='grc' dir='ltr'>τὸν</span> <span class='ocrx_word' id='word_1_534' title='bbox 3278 3133 3424 3188; x_wconf 76' lang='grc' dir='ltr'>κατὰ</span> <span class='ocrx_word' id='word_1_535' title='bbox 3453 3138 3512 3187; x_wconf 72' lang='grc' dir='ltr'>τὸ</span> <span class='ocrx_word' id='word_1_536' title='bbox 3548 3132 3735 3196; x_wconf 75' lang='grc' dir='ltr'><strong>Βυζάν-</strong></span> 
     </span>
    </p>
   </div>
   <div class='ocr_carea' id='block_1_77' title="bbox 2165 3225 3734 3298">
    <p class='ocr_par' dir='ltr' id='par_1_77' title="bbox 2165 3225 3734 3298">
     <span class='ocr_line' id='line_1_77' title="bbox 2165 3225 3734 3298; baseline -0.002 -20"><span class='ocrx_word' id='word_1_537' title='bbox 2165 3243 2283 3278; x_wconf 90' lang='grc' dir='ltr'>τιον</span> <span class='ocrx_word' id='word_1_538' title='bbox 2313 3225 2600 3298; x_wconf 76' lang='grc' dir='ltr'>πορθμὸνο</span> <span class='ocrx_word' id='word_1_539' title='bbox 2655 3227 2766 3280; x_wconf 80' lang='grc' dir='ltr'>εἴτε</span> <span class='ocrx_word' id='word_1_540' title='bbox 2818 3229 2980 3280; x_wconf 71' lang='grc' dir='ltr'>ναυσὶ</span> <span class='ocrx_word' id='word_1_541' title='bbox 3041 3229 3176 3297; x_wconf 67' lang='grc' dir='ltr'>πρὸς</span> <span class='ocrx_word' id='word_1_542' title='bbox 3214 3226 3314 3297; x_wconf 80' lang='grc' dir='ltr'><strong>τὴν</strong></span> <span class='ocrx_word' id='word_1_543' title='bbox 3358 3227 3569 3280; x_wconf 73' lang='grc' dir='ltr'>οἶκείαν</span> <span class='ocrx_word' id='word_1_544' title='bbox 3613 3229 3734 3278; x_wconf 77' lang='grc' dir='ltr'>ἁπο-</span> 
     </span>
    </p>
   </div>
   <div class='ocr_carea' id='block_1_78' title="bbox 2166 3315 3732 3388">
    <p class='ocr_par' dir='ltr' id='par_1_78' title="bbox 2166 3315 3732 3388">
     <span class='ocr_line' id='line_1_78' title="bbox 2166 3315 3732 3388; baseline -0.002 -19"><span class='ocrx_word' id='word_1_545' title='bbox 2166 3315 2423 3381; x_wconf 80' lang='grc' dir='ltr'>πλεῦσαι,</span> <span class='ocrx_word' id='word_1_546' title='bbox 2480 3317 2736 3388; x_wconf 82' lang='grc' dir='ltr'>τριήρεις</span> <span class='ocrx_word' id='word_1_547' title='bbox 2783 3317 3170 3388; x_wconf 81' lang='grc' dir='ltr'>παρασχέσθαι</span> <span class='ocrx_word' id='word_1_548' title='bbox 3228 3322 3318 3371; x_wconf 80' lang='grc' dir='ltr'>καὶ</span> <span class='ocrx_word' id='word_1_549' title='bbox 3369 3317 3502 3379; x_wconf 69' lang='grc' dir='ltr'>ναῦς</span> <span class='ocrx_word' id='word_1_550' title='bbox 3556 3319 3732 3384; x_wconf 68' lang='grc' dir='ltr'>ἑτέρας</span> 
     </span>
    </p>
   </div>
   <div class='ocr_carea' id='block_1_79' title="bbox 2166 3409 3727 3480">
    <p class='ocr_par' dir='ltr' id='par_1_79' title="bbox 2166 3409 3727 3480">
     <span class='ocr_line' id='line_1_79' title="bbox 2166 3409 3727 3480; baseline 0 -19"><span class='ocrx_word' id='word_1_551' title='bbox 2166 3409 2268 3480; x_wconf 79' lang='grc' dir='ltr'>τὴν</span> <span class='ocrx_word' id='word_1_552' title='bbox 2307 3410 2574 3480; x_wconf 73' lang='grc' dir='ltr'>στρατιὰν</span> <span class='ocrx_word' id='word_1_553' title='bbox 2626 3410 3003 3480; x_wconf 70' lang='grc' dir='ltr'>δυνησομέναις</span> <span class='ocrx_word' id='word_1_554' title='bbox 3055 3411 3441 3478; x_wconf 75' lang='grc' dir='ltr'>ὑποδέξασθαι.</span> <span class='ocrx_word' id='word_1_555' title='bbox 3498 3412 3644 3464; x_wconf 64' lang='grc' dir='ltr'>Ἐπεὶ</span> <span class='ocrx_word' id='word_1_556' title='bbox 3677 3412 3727 3462; x_wconf 78' lang='grc' dir='ltr'>δὲ</span> 
     </span>
    </p>
   </div>
   <div class='ocr_carea' id='block_1_80' title="bbox 2161 3503 3727 3575">
    <p class='ocr_par' dir='ltr' id='par_1_80' title="bbox 2161 3503 3727 3575">
     <span class='ocr_line' id='line_1_80' title="bbox 2161 3503 3727 3575; baseline 0.001 -21"><span class='ocrx_word' id='word_1_557' title='bbox 2161 3503 2322 3573; x_wconf 83' lang='grc' dir='ltr'>χρεία</span> <span class='ocrx_word' id='word_1_558' title='bbox 2381 3503 2475 3555; x_wconf 78' lang='grc' dir='ltr'>καὶ</span> <span class='ocrx_word' id='word_1_559' title='bbox 2516 3503 2823 3575; x_wconf 83' lang='grc' dir='ltr'>χρημάτων</span> <span class='ocrx_word' id='word_1_560' title='bbox 2880 3504 3030 3574; x_wconf 86' lang='grc' dir='ltr'><strong>αὐτῷ</strong></span> <span class='ocrx_word' id='word_1_561' title='bbox 3079 3505 3410 3574; x_wconf 80' lang='grc' dir='ltr'>ἀμείὸεσθαι</span> <span class='ocrx_word' id='word_1_562' title='bbox 3466 3510 3592 3569; x_wconf 65' lang='grc' dir='ltr'>τοὺς</span> <span class='ocrx_word' id='word_1_563' title='bbox 3643 3507 3727 3557; x_wconf 72' lang='grc' dir='ltr'><strong>ἐπὶ</strong></span> 
     </span>
    </p>
   </div>
   <div class='ocr_carea' id='block_1_81' title="bbox 2161 3593 3727 3667">
    <p class='ocr_par' dir='ltr' id='par_1_81' title="bbox 2161 3593 3727 3667">
     <span class='ocr_line' id='line_1_81' title="bbox 2161 3593 3727 3667; baseline 0.003 -21"><span class='ocrx_word' id='word_1_564' title='bbox 2161 3593 2418 3647; x_wconf 78' lang='grc' dir='ltr'>τοσοῦτον</span> <span class='ocrx_word' id='word_1_565' title='bbox 2447 3595 2600 3664; x_wconf 82' lang='grc' dir='ltr'>αὐτῷ</span> <span class='ocrx_word' id='word_1_566' title='bbox 2643 3595 2837 3666; x_wconf 87' lang='grc' dir='ltr'>χρόνον</span> <span class='ocrx_word' id='word_1_567' title='bbox 2886 3598 3450 3667; x_wconf 78' lang='grc' dir='ltr'>συστρατευομένους,</span> <span class='ocrx_word' id='word_1_568' title='bbox 3489 3597 3727 3667; x_wconf 60' lang='grc' dir='ltr'>παρέξω</span> 
     </span>
    </p>
   </div>
   <div class='ocr_carea' id='block_1_82' title="bbox 2166 3680 3728 3756">
    <p class='ocr_par' dir='ltr' id='par_1_82' title="bbox 2166 3680 3728 3756">
     <span class='ocr_line' id='line_1_82' title="bbox 2166 3680 3728 3756; baseline 0.002 -23"><span class='ocrx_word' id='word_1_569' title='bbox 2166 3681 2266 3733; x_wconf 80' lang='grc' dir='ltr'>ὅσα</span> <span class='ocrx_word' id='word_1_570' title='bbox 2293 3680 2329 3735; x_wconf 79' lang='grc' dir='ltr'><strong>ἀ</strong></span> <span class='ocrx_word' id='word_1_571' title='bbox 2362 3680 2638 3751; x_wconf 85' lang='grc' dir='ltr'>συμϐῶσι.</span> <span class='ocrx_word' id='word_1_572' title='bbox 2677 3682 2917 3735; x_wconf 84' lang='grc' dir='ltr'>Τοιαῦτα</span> <span class='ocrx_word' id='word_1_573' title='bbox 2963 3685 3060 3752; x_wconf 79' lang='grc' dir='ltr'>μὲν</span> <span class='ocrx_word' id='word_1_574' title='bbox 3087 3687 3113 3737; x_wconf 81' lang='grc' dir='ltr'>ὀ</span> <span class='ocrx_word' id='word_1_575' title='bbox 3148 3687 3319 3754; x_wconf 80' lang='grc' dir='ltr'>μέγας</span> <span class='ocrx_word' id='word_1_576' title='bbox 3365 3687 3493 3752; x_wconf 78' lang='grc' dir='ltr'>δούξ</span> <span class='ocrx_word' id='word_1_577' title='bbox 3519 3687 3728 3756; x_wconf 70' lang='grc' dir='ltr'>ἀπεκρί-</span> 
     </span>
    </p>
   </div>
   <div class='ocr_carea' id='block_1_83' title="bbox 2161 3773 3724 3851">
    <p class='ocr_par' dir='ltr' id='par_1_83' title="bbox 2161 3773 3724 3851">
     <span class='ocr_line' id='line_1_83' title="bbox 2161 3773 3724 3851; baseline 0.004 -25"><span class='ocrx_word' id='word_1_578' title='bbox 2161 3790 2294 3826; x_wconf 87' lang='grc' dir='ltr'>νατο</span> <span class='ocrx_word' id='word_1_579' title='bbox 2328 3774 2463 3842; x_wconf 65' lang='grc' dir='ltr'>πρὸς</span> <span class='ocrx_word' id='word_1_580' title='bbox 2487 3773 2585 3843; x_wconf 82' lang='grc' dir='ltr'>τὴν</span> <span class='ocrx_word' id='word_1_581' title='bbox 2617 3774 2935 3844; x_wconf 85' lang='grc' dir='ltr'>πρεσϐείαν.</span> <span class='ocrx_word' id='word_1_582' title='bbox 2981 3775 3038 3829; x_wconf 86' lang='grc' dir='ltr'><strong>Ὀ</strong></span> <span class='ocrx_word' id='word_1_583' title='bbox 3066 3776 3344 3848; x_wconf 75' lang='grc' dir='ltr'>βάρϐαρος</span> <span class='ocrx_word' id='word_1_584' title='bbox 3375 3779 3430 3832; x_wconf 79' lang='grc' dir='ltr'>δὲ</span> <span class='ocrx_word' id='word_1_585' title='bbox 3475 3781 3606 3851; x_wconf 67' lang='grc' dir='ltr'>πρὸς</span> <span class='ocrx_word' id='word_1_586' title='bbox 3638 3782 3724 3850; x_wconf 71' lang='grc' dir='ltr'>τὴν</span> 
     </span>
    </p>
   </div>
   <div class='ocr_carea' id='block_1_84' title="bbox 2165 3865 3725 3941">
    <p class='ocr_par' dir='ltr' id='par_1_84' title="bbox 2165 3865 3725 3941">
     <span class='ocr_line' id='line_1_84' title="bbox 2165 3865 3725 3941; baseline 0.004 -24"><span class='ocrx_word' id='word_1_587' title='bbox 2165 3865 2308 3918; x_wconf 82' lang='grc' dir='ltr'><strong>κατά</strong></span> <span class='ocrx_word' id='word_1_588' title='bbox 2335 3865 2429 3918; x_wconf 75' lang='grc' dir='ltr'>τοῦ</span> <span class='ocrx_word' id='word_1_589' title='bbox 2466 3866 2736 3920; x_wconf 83' lang='grc' dir='ltr'>δεσπότου</span> <span class='ocrx_word' id='word_1_590' title='bbox 2786 3870 3125 3940; x_wconf 84' lang='grc' dir='ltr'>κατηγορίαν</span> <span class='ocrx_word' id='word_1_591' title='bbox 3175 3868 3502 3941; x_wconf 80' lang='grc' dir='ltr'>βουλόμενος</span> <span class='ocrx_word' id='word_1_592' title='bbox 3533 3875 3725 3925; x_wconf 67' lang='grc' dir='ltr'>ἐνίστα-</span> 
     </span>
    </p>
   </div>
   <div class='ocr_carea' id='block_1_85' title="bbox 2166 3960 3720 4034">
    <p class='ocr_par' dir='ltr' id='par_1_85' title="bbox 2166 3960 3720 4034">
     <span class='ocr_line' id='line_1_85' title="bbox 2166 3960 3720 4034; baseline 0.003 -23"><span class='ocrx_word' id='word_1_593' title='bbox 2166 3960 2546 4025; x_wconf 63' lang='grc' dir='ltr'>σθαινὶοκείτε</span> <span class='ocrx_word' id='word_1_594' title='bbox 2582 3978 2697 4030; x_wconf 87' lang='grc' dir='ltr'>μοι,</span> <span class='ocrx_word' id='word_1_595' title='bbox 2727 3961 2856 4030; x_wconf 80' lang='grc' dir='ltr'>ἔφη,</span> <span class='ocrx_word' id='word_1_596' title='bbox 2877 3962 3125 4032; x_wconf 87' lang='grc' dir='ltr'>πολέμιοι</span> <span class='ocrx_word' id='word_1_597' title='bbox 3156 3967 3317 4034; x_wconf 86' lang='grc' dir='ltr'>μόνον</span> <span class='ocrx_word' id='word_1_598' title='bbox 3348 3961 3488 4020; x_wconf 72' lang='grc' dir='ltr'>εἶναι</span> <span class='ocrx_word' id='word_1_599' title='bbox 3514 3967 3720 4029; x_wconf 55' lang='lat' dir='ltr'><strong>nam»,</strong></span> 
     </span>
    </p>
   </div>
   <div class='ocr_carea' id='block_1_86' title="bbox 2164 4053 3722 4129">
    <p class='ocr_par' dir='ltr' id='par_1_86' title="bbox 2164 4053 3722 4129">
     <span class='ocr_line' id='line_1_86' title="bbox 2164 4053 3722 4129; baseline 0.004 -26"><span class='ocrx_word' id='word_1_600' title='bbox 2164 4053 2308 4121; x_wconf 74' lang='grc' dir='ltr'>φίλοι</span> <span class='ocrx_word' id='word_1_601' title='bbox 2340 4054 2396 4107; x_wconf 78' lang='grc' dir='ltr'>δὲ</span> <span class='ocrx_word' id='word_1_602' title='bbox 2424 4054 2655 4117; x_wconf 78' lang='grc' dir='ltr'>οὐδενός.</span> <span class='ocrx_word' id='word_1_603' title='bbox 2681 4056 2742 4108; x_wconf 85' lang='grc' dir='ltr'><strong>Εἰ</strong></span> <span class='ocrx_word' id='word_1_604' title='bbox 2777 4056 2882 4126; x_wconf 74' lang='grc' dir='ltr'>γὰρ</span> <span class='ocrx_word' id='word_1_605' title='bbox 2912 4057 2988 4128; x_wconf 82' lang='grc' dir='ltr'>μὴ</span> <span class='ocrx_word' id='word_1_606' title='bbox 3025 4057 3184 4111; x_wconf 77' lang='grc' dir='ltr'>τοῦτο</span> <span class='ocrx_word' id='word_1_607' title='bbox 3213 4053 3300 4129; x_wconf 80' lang='grc' dir='ltr'>ἦν,</span> <span class='ocrx_word' id='word_1_608' title='bbox 3343 4059 3442 4112; x_wconf 84' lang='grc' dir='ltr'><strong>οὐκ</strong></span> <span class='ocrx_word' id='word_1_609' title='bbox 3475 4061 3536 4112; x_wconf 75' lang='grc' dir='ltr'>ἂν</span> <span class='ocrx_word' id='word_1_610' title='bbox 3565 4060 3722 4121; x_wconf 70' lang='grc' dir='ltr'>οὕτως</span> 
     </span>
    </p>
   </div>
   <div class='ocr_carea' id='block_1_87' title="bbox 2164 4142 3721 4222">
    <p class='ocr_par' dir='ltr' id='par_1_87' title="bbox 2164 4142 3721 4222">
     <span class='ocr_line' id='line_1_87' title="bbox 2164 4142 3721 4222; baseline 0.004 -25"><span class='ocrx_word' id='word_1_611' title='bbox 2164 4142 2261 4214; x_wconf 81' lang='grc' dir='ltr'>ἦτε</span> <span class='ocrx_word' id='word_1_612' title='bbox 2299 4147 2525 4218; x_wconf 84' lang='grc' dir='ltr'>πόριμοι</span> <span class='ocrx_word' id='word_1_613' title='bbox 2549 4150 2796 4218; x_wconf 73' lang='grc' dir='ltr'>μηχανὰς</span> <span class='ocrx_word' id='word_1_614' title='bbox 2833 4149 2933 4218; x_wconf 81' lang='grc' dir='ltr'>μὲν</span> <span class='ocrx_word' id='word_1_615' title='bbox 2960 4151 3051 4202; x_wconf 75' lang='grc' dir='ltr'>καὶ</span> <span class='ocrx_word' id='word_1_616' title='bbox 3083 4151 3380 4216; x_wconf 68' lang='grc' dir='ltr'>ἐπιϐουλὰς</span> <span class='ocrx_word' id='word_1_617' title='bbox 3405 4153 3721 4222; x_wconf 74' lang='grc' dir='ltr'>ἐξευρίσκειν</span> 
     </span>
    </p>
   </div>
   <div class='ocr_carea' id='block_1_88' title="bbox 2167 4240 3719 4315">
    <p class='ocr_par' dir='ltr' id='par_1_88' title="bbox 2167 4240 3719 4315">
     <span class='ocr_line' id='line_1_88' title="bbox 2167 4240 3719 4315; baseline 0.003 -23"><span class='ocrx_word' id='word_1_618' title='bbox 2167 4241 2306 4293; x_wconf 77' lang='grc' dir='ltr'>κοιτά</span> <span class='ocrx_word' id='word_1_619' title='bbox 2332 4240 2440 4292; x_wconf 82' lang='grc' dir='ltr'>τῶν</span> <span class='ocrx_word' id='word_1_620' title='bbox 2473 4242 2776 4310; x_wconf 84' lang='grc' dir='ltr'>πολεμίων,</span> <span class='ocrx_word' id='word_1_621' title='bbox 2811 4245 2876 4312; x_wconf 78' lang='grc' dir='ltr'>τῇ</span> <span class='ocrx_word' id='word_1_622' title='bbox 2913 4258 2972 4294; x_wconf 82' lang='grc' dir='ltr'><strong>τε</strong></span> <span class='ocrx_word' id='word_1_623' title='bbox 3021 4242 3238 4314; x_wconf 74' lang='grc' dir='ltr'>γλώττῃ</span> <span class='ocrx_word' id='word_1_624' title='bbox 3275 4249 3549 4315; x_wconf 77' lang='grc' dir='ltr'>χρώμενοι</span> <span class='ocrx_word' id='word_1_625' title='bbox 3574 4248 3719 4313; x_wconf 61' lang='lat' dir='ltr'><strong>(ipsi-</strong></span> 
     </span>
    </p>
   </div>
   <div class='ocr_carea' id='block_1_89' title="bbox 2170 4331 3720 4406">
    <p class='ocr_par' dir='ltr' id='par_1_89' title="bbox 2170 4331 3720 4406">
     <span class='ocr_line' id='line_1_89' title="bbox 2170 4331 3720 4406; baseline 0.004 -24"><span class='ocrx_word' id='word_1_626' title='bbox 2170 4331 2277 4392; x_wconf 83' lang='grc' dir='ltr'><strong>δὼς</strong></span> <span class='ocrx_word' id='word_1_627' title='bbox 2321 4331 2456 4400; x_wconf 76' lang='grc' dir='ltr'>πρὸς</span> <span class='ocrx_word' id='word_1_628' title='bbox 2491 4331 2697 4402; x_wconf 71' lang='grc' dir='ltr'>ὕϐρεις,</span> <span class='ocrx_word' id='word_1_629' title='bbox 2742 4332 2931 4402; x_wconf 83' lang='grc' dir='ltr'>ὥσπερ</span> <span class='ocrx_word' id='word_1_630' title='bbox 2975 4335 3062 4387; x_wconf 72' lang='grc' dir='ltr'>διὰ</span> <span class='ocrx_word' id='word_1_631' title='bbox 3109 4333 3270 4388; x_wconf 82' lang='grc' dir='ltr'>τοῦτο</span> <span class='ocrx_word' id='word_1_632' title='bbox 3301 4336 3503 4406; x_wconf 79' lang='grc' dir='ltr'>ταύτην</span> <span class='ocrx_word' id='word_1_633' title='bbox 3543 4353 3720 4406; x_wconf 79' lang='grc' dir='ltr'>κεκτη·</span> 
     </span>
    </p>
   </div>
   <div class='ocr_carea' id='block_1_90' title="bbox 2168 4423 3712 4494">
    <p class='ocr_par' dir='ltr' id='par_1_90' title="bbox 2168 4423 3712 4494">
     <span class='ocr_line' id='line_1_90' title="bbox 2168 4423 3712 4494; baseline 0.001 -20"><span class='ocrx_word' id='word_1_634' title='bbox 2168 4423 2347 4492; x_wconf 73' lang='grc' dir='ltr'>μένοι,</span> <span class='ocrx_word' id='word_1_635' title='bbox 2381 4423 2478 4476; x_wconf 68' lang='grc' dir='ltr'>καὶ</span> <span class='ocrx_word' id='word_1_636' title='bbox 2512 4425 2692 4476; x_wconf 82' lang='grc' dir='ltr'>πᾶσαν</span> <span class='ocrx_word' id='word_1_637' title='bbox 2739 4423 2909 4494; x_wconf 80' lang='grc' dir='ltr'>ἀλλην</span> <span class='ocrx_word' id='word_1_638' title='bbox 2961 4423 3401 4494; x_wconf 67' lang='grc' dir='ltr'>ἐπιδεικνύμενοι</span> <span class='ocrx_word' id='word_1_639' title='bbox 3450 4427 3712 4494; x_wconf 78' lang='grc' dir='ltr'>πονηρίαν,</span> 
     </span>
    </p>
   </div>
   <div class='ocr_carea' id='block_1_91' title="bbox 2163 4513 3714 4585">
    <p class='ocr_par' dir='ltr' id='par_1_91' title="bbox 2163 4513 3714 4585">
     <span class='ocr_line' id='line_1_91' title="bbox 2163 4513 3714 4585; baseline 0.001 -19"><span class='ocrx_word' id='word_1_640' title='bbox 2163 4513 2272 4566; x_wconf 84' lang='grc' dir='ltr'><strong>τῶν</strong></span> <span class='ocrx_word' id='word_1_641' title='bbox 2294 4513 2350 4566; x_wconf 82' lang='grc' dir='ltr'>δὲ</span> <span class='ocrx_word' id='word_1_642' title='bbox 2382 4515 2556 4582; x_wconf 82' lang='grc' dir='ltr'>φίλοις</span> <span class='ocrx_word' id='word_1_643' title='bbox 2581 4515 2970 4585; x_wconf 68' lang='grc' dir='ltr'>προσηκόοτων</span> <span class='ocrx_word' id='word_1_644' title='bbox 2994 4517 3355 4582; x_wconf 73' lang='grc' dir='ltr'>ἐπιστάμενοι</span> <span class='ocrx_word' id='word_1_645' title='bbox 3377 4517 3542 4570; x_wconf 77' lang='grc' dir='ltr'>οὐδέν.</span> <span class='ocrx_word' id='word_1_646' title='bbox 3569 4515 3714 4579; x_wconf 60' lang='grc' dir='ltr'>τυθεν</span> 
     </span>
    </p>
   </div>
   <div class='ocr_carea' id='block_1_92' title="bbox 477 4605 2057 4679">
    <p class='ocr_par' dir='ltr' id='par_1_92' title="bbox 477 4607 2057 4679">
     <span class='ocr_line' id='line_1_92' title="bbox 477 4607 2057 4679; baseline 0.001 -15"><span class='ocrx_word' id='word_1_647' title='bbox 477 4609 676 4676; x_wconf 89' lang='lat' dir='ltr'><strong>sensit,</strong></span> <span class='ocrx_word' id='word_1_648' title='bbox 703 4618 920 4679; x_wconf 83' lang='lat' dir='ltr'><strong>satrapa</strong></span> <span class='ocrx_word' id='word_1_649' title='bbox 951 4607 1212 4662; x_wconf 84' lang='lat' dir='ltr'><strong>dotninus</strong></span> <span class='ocrx_word' id='word_1_650' title='bbox 1237 4623 1415 4673; x_wconf 91' lang='lat' dir='ltr'><strong>meus,</strong></span> <span class='ocrx_word' id='word_1_651' title='bbox 1447 4608 1540 4677; x_wconf 87' lang='lat' dir='ltr'><strong>qui</strong></span> <span class='ocrx_word' id='word_1_652' title='bbox 1574 4625 1640 4665; x_wconf 84' lang='lat' dir='ltr'><strong>ex</strong></span> <span class='ocrx_word' id='word_1_653' title='bbox 1678 4611 1920 4665; x_wconf 85' lang='lat' dir='ltr'><strong>amicitia</strong></span> <span class='ocrx_word' id='word_1_654' title='bbox 1943 4625 2057 4666; x_wconf 87' lang='lat' dir='ltr'><strong>tan-</strong></span> 
     </span>
    </p>
   </div>
   <div class='ocr_carea' id='block_1_93' title="bbox 2162 4605 3710 4679">
    <p class='ocr_par' dir='ltr' id='par_1_93' title="bbox 2167 4605 3710 4678">
     <span class='ocr_line' id='line_1_93' title="bbox 2167 4605 3710 4678; baseline 0.002 -21"><span class='ocrx_word' id='word_1_655' title='bbox 2167 4605 2271 4658; x_wconf 83' lang='grc' dir='ltr'><strong>ὑπὸ</strong></span> <span class='ocrx_word' id='word_1_656' title='bbox 2301 4608 2401 4676; x_wconf 83' lang='grc' dir='ltr'>τῆς</span> <span class='ocrx_word' id='word_1_657' title='bbox 2441 4605 2581 4674; x_wconf 81' lang='grc' dir='ltr'>ἄγαν</span> <span class='ocrx_word' id='word_1_658' title='bbox 2638 4607 2763 4677; x_wconf 76' lang='grc' dir='ltr'>περὶ</span> <span class='ocrx_word' id='word_1_659' title='bbox 2816 4605 2988 4659; x_wconf 84' lang='grc' dir='ltr'>ταῦτα</span> <span class='ocrx_word' id='word_1_660' title='bbox 3043 4607 3307 4677; x_wconf 84' lang='grc' dir='ltr'>ἀπειρίας</span> <span class='ocrx_word' id='word_1_661' title='bbox 3344 4611 3438 4664; x_wconf 62' lang='grc' dir='ltr'><strong>καὶ</strong></span> <span class='ocrx_word' id='word_1_662' title='bbox 3479 4609 3565 4662; x_wconf 83' lang='grc' dir='ltr'>τοῦ</span> <span class='ocrx_word' id='word_1_663' title='bbox 3592 4610 3710 4678; x_wconf 79' lang='grc' dir='ltr'>ἐμοῦ</span> 
     </span>
    </p>
   </div>
   <div class='ocr_carea' id='block_1_94' title="bbox 481 4700 2058 4772">
    <p class='ocr_par' dir='ltr' id='par_1_94' title="bbox 481 4700 2058 4772">
     <span class='ocr_line' id='line_1_94' title="bbox 481 4700 2058 4772; baseline 0.002 -17"><span class='ocrx_word' id='word_1_664' title='bbox 481 4712 596 4756; x_wconf 91' lang='lat' dir='ltr'><strong>tum</strong></span> <span class='ocrx_word' id='word_1_665' title='bbox 616 4717 714 4771; x_wconf 83' lang='lat' dir='ltr'><strong>pro</strong></span> <span class='ocrx_word' id='word_1_666' title='bbox 739 4701 1070 4771; x_wconf 84' lang='lat' dir='ltr'><strong>imperatore</strong></span> <span class='ocrx_word' id='word_1_667' title='bbox 1098 4700 1343 4754; x_wconf 86' lang='lat' dir='ltr'><strong>laborem</strong></span> <span class='ocrx_word' id='word_1_668' title='bbox 1377 4710 1434 4754; x_wconf 88' lang='lat' dir='ltr'><strong>et</strong></span> <span class='ocrx_word' id='word_1_669' title='bbox 1471 4700 1713 4756; x_wconf 85' lang='lat' dir='ltr'><strong>dedecus</strong></span> <span class='ocrx_word' id='word_1_670' title='bbox 1741 4705 2058 4772; x_wconf 81' lang='lat' dir='ltr'><strong>capessivit.</strong></span> 
     </span>
    </p>
   </div>
   <div class='ocr_carea' id='block_1_95' title="bbox 480 4793 2062 4865">
    <p class='ocr_par' dir='ltr' id='par_1_95' title="bbox 480 4793 2062 4865">
     <span class='ocr_line' id='line_1_95' title="bbox 480 4793 2062 4865; baseline 0.001 -15"><span class='ocrx_word' id='word_1_671' title='bbox 480 4808 539 4850; x_wconf 93' lang='lat' dir='ltr'><strong>ut</strong></span> <span class='ocrx_word' id='word_1_672' title='bbox 571 4796 772 4859; x_wconf 83' lang='lat' dir='ltr'><strong>d.citis,</strong></span> <span class='ocrx_word' id='word_1_673' title='bbox 799 4811 865 4848; x_wconf 88' lang='lat' dir='ltr'><strong>an</strong></span> <span class='ocrx_word' id='word_1_674' title='bbox 901 4810 997 4849; x_wconf 84' lang='lat' dir='ltr'><strong>vos</strong></span> <span class='ocrx_word' id='word_1_675' title='bbox 1029 4794 1122 4865; x_wconf 91' lang='lat' dir='ltr'><strong>qui</strong></span> <span class='ocrx_word' id='word_1_676' title='bbox 1153 4793 1532 4862; x_wconf 87' lang='lat' dir='ltr'><strong>compluribus</strong></span> <span class='ocrx_word' id='word_1_677' title='bbox 1577 4805 1631 4848; x_wconf 91' lang='lat' dir='ltr'><strong>et</strong></span> <span class='ocrx_word' id='word_1_678' title='bbox 1662 4797 2062 4852; x_wconf 86' lang='lat' dir='ltr'><strong>excellentibus</strong></span> 
     </span>
    </p>
   </div>
   <div class='ocr_carea' id='block_1_96' title="bbox 479 4885 2059 4953">
    <p class='ocr_par' dir='ltr' id='par_1_96' title="bbox 479 4885 2059 4953">
     <span class='ocr_line' id='line_1_96' title="bbox 479 4885 2059 4953; baseline -0.001 -9"><span class='ocrx_word' id='word_1_679' title='bbox 479 4888 758 4944; x_wconf 88' lang='lat' dir='ltr'><strong>beneliciis</strong></span> <span class='ocrx_word' id='word_1_680' title='bbox 784 4889 852 4942; x_wconf 88' lang='lat' dir='ltr'><strong>ab</strong></span> <span class='ocrx_word' id='word_1_681' title='bbox 880 4903 946 4941; x_wconf 89' lang='lat' dir='ltr'><strong>eo</strong></span> <span class='ocrx_word' id='word_1_682' title='bbox 973 4885 1177 4950; x_wconf 78' lang='lat' dir='ltr'><strong>aﬂ&#39;ecti,</strong></span> <span class='ocrx_word' id='word_1_683' title='bbox 1207 4885 1405 4940; x_wconf 85' lang='lat' dir='ltr'><strong>deinde</strong></span> <span class='ocrx_word' id='word_1_684' title='bbox 1439 4889 1684 4940; x_wconf 89' lang='lat' dir='ltr'><strong>omnium</strong></span> <span class='ocrx_word' id='word_1_685' title='bbox 1705 4889 1854 4942; x_wconf 89' lang='lat' dir='ltr'><strong>velut</strong></span> <span class='ocrx_word' id='word_1_686' title='bbox 1877 4889 2059 4953; x_wconf 88' lang='lat' dir='ltr'><strong>obliti,</strong></span> 
     </span>
    </p>
   </div>
   <div class='ocr_carea' id='block_1_97' title="bbox 478 4979 2062 5054">
    <p class='ocr_par' dir='ltr' id='par_1_97' title="bbox 478 4979 2062 5054">
     <span class='ocr_line' id='line_1_97' title="bbox 478 4979 2062 5054; baseline -0.001 -16"><span class='ocrx_word' id='word_1_687' title='bbox 478 4999 576 5054; x_wconf 88' lang='lat' dir='ltr'><strong>per</strong></span> <span class='ocrx_word' id='word_1_688' title='bbox 602 4981 1020 5052; x_wconf 87' lang='lat' dir='ltr'><strong>improbitatem</strong></span> <span class='ocrx_word' id='word_1_689' title='bbox 1066 4987 1122 5033; x_wconf 92' lang='lat' dir='ltr'><strong>et</strong></span> <span class='ocrx_word' id='word_1_690' title='bbox 1151 4979 1352 5048; x_wconf 82' lang='lat' dir='ltr'><strong>ingrati</strong></span> <span class='ocrx_word' id='word_1_691' title='bbox 1391 4980 1560 5033; x_wconf 86' lang='lat' dir='ltr'><strong>animi</strong></span> <span class='ocrx_word' id='word_1_692' title='bbox 1600 4981 1816 5048; x_wconf 89' lang='lat' dir='ltr'><strong>vitium,</strong></span> <span class='ocrx_word' id='word_1_693' title='bbox 1853 4982 1966 5036; x_wconf 84' lang='lat' dir='ltr'><strong>into</strong></span> <span class='ocrx_word' id='word_1_694' title='bbox 2005 4992 2062 5037; x_wconf 91' lang='lat' dir='ltr'><strong>et</strong></span> 
     </span>
    </p>
   </div>
   <div class='ocr_carea' id='block_1_98' title="bbox 487 5073 2057 5147">
    <p class='ocr_par' dir='ltr' id='par_1_98' title="bbox 487 5073 2057 5147">
     <span class='ocr_line' id='line_1_98' title="bbox 487 5073 2057 5147; baseline 0.001 -15"><span class='ocrx_word' id='word_1_695' title='bbox 487 5095 584 5147; x_wconf 83' lang='lat' dir='ltr'><strong>per</strong></span> <span class='ocrx_word' id='word_1_696' title='bbox 613 5076 916 5131; x_wconf 86' lang='lat' dir='ltr'><strong>calumnias</strong></span> <span class='ocrx_word' id='word_1_697' title='bbox 958 5083 1015 5127; x_wconf 90' lang='lat' dir='ltr'><strong>et</strong></span> <span class='ocrx_word' id='word_1_698' title='bbox 1049 5073 1437 5144; x_wconf 79' lang='lat' dir='ltr'><strong>syCOphantias</strong></span> <span class='ocrx_word' id='word_1_699' title='bbox 1492 5075 1698 5130; x_wconf 90' lang='lat' dir='ltr'><strong>bellum</strong></span> <span class='ocrx_word' id='word_1_700' title='bbox 1753 5077 2057 5142; x_wconf 86' lang='lat' dir='ltr'><strong>excitastis,</strong></span> 
     </span>
    </p>
   </div>
   <div class='ocr_carea' id='block_1_99' title="bbox 479 5166 2061 5241">
    <p class='ocr_par' dir='ltr' id='par_1_99' title="bbox 479 5166 2061 5241">
     <span class='ocr_line' id='line_1_99' title="bbox 479 5166 2061 5241; baseline 0 -17"><span class='ocrx_word' id='word_1_701' title='bbox 479 5171 623 5241; x_wconf 86' lang='lat' dir='ltr'><strong>quod</strong></span> <span class='ocrx_word' id='word_1_702' title='bbox 651 5184 823 5239; x_wconf 90' lang='lat' dir='ltr'><strong>usque</strong></span> <span class='ocrx_word' id='word_1_703' title='bbox 858 5169 1022 5222; x_wconf 90' lang='lat' dir='ltr'><strong>hodie</strong></span> <span class='ocrx_word' id='word_1_704' title='bbox 1056 5176 1136 5220; x_wconf 89' lang='lat' dir='ltr'><strong>tot</strong></span> <span class='ocrx_word' id='word_1_705' title='bbox 1163 5166 1320 5221; x_wconf 87' lang='lat' dir='ltr'><strong>malis</strong></span> <span class='ocrx_word' id='word_1_706' title='bbox 1349 5181 1446 5222; x_wconf 88' lang='lat' dir='ltr'><strong>vos</strong></span> <span class='ocrx_word' id='word_1_707' title='bbox 1471 5170 1792 5234; x_wconf 88' lang='lat' dir='ltr'><strong>cumulavit,</strong></span> <span class='ocrx_word' id='word_1_708' title='bbox 1816 5180 1866 5224; x_wconf 90' lang='lat' dir='ltr'><strong>et</strong></span> <span class='ocrx_word' id='word_1_709' title='bbox 1887 5187 2061 5239; x_wconf 86' lang='lat' dir='ltr'><strong>quan-</strong></span> 
     </span>
    </p>
   </div>
   <div class='ocr_carea' id='block_1_100' title="bbox 483 5257 2056 5329">
    <p class='ocr_par' dir='ltr' id='par_1_100' title="bbox 483 5257 2056 5329">
     <span class='ocr_line' id='line_1_100' title="bbox 483 5257 2056 5329; baseline -0.001 -11"><span class='ocrx_word' id='word_1_710' title='bbox 483 5275 596 5318; x_wconf 88' lang='lat' dir='ltr'><strong>tum</strong></span> <span class='ocrx_word' id='word_1_711' title='bbox 638 5276 902 5329; x_wconf 86' lang='lat' dir='ltr'><strong>auguror,</strong></span> <span class='ocrx_word' id='word_1_712' title='bbox 933 5257 1184 5329; x_wconf 86' lang='lat' dir='ltr'><strong>pluribus</strong></span> <span class='ocrx_word' id='word_1_713' title='bbox 1216 5259 1540 5313; x_wconf 90' lang='lat' dir='ltr'><strong>cumulabit.</strong></span> <span class='ocrx_word' id='word_1_714' title='bbox 1587 5259 1701 5314; x_wconf 87' lang='lat' dir='ltr'><strong>Nec</strong></span> <span class='ocrx_word' id='word_1_715' title='bbox 1731 5261 1834 5315; x_wconf 86' lang='lat' dir='ltr'><strong>hoc</strong></span> <span class='ocrx_word' id='word_1_716' title='bbox 1866 5263 2056 5318; x_wconf 84' lang='lat' dir='ltr'><strong>saltem</strong></span> 
     </span>
    </p>
   </div>
   <div class='ocr_carea' id='block_1_101' title="bbox 480 5351 2060 5422">
    <p class='ocr_par' dir='ltr' id='par_1_101' title="bbox 480 5351 2060 5422">
     <span class='ocr_line' id='line_1_101' title="bbox 480 5351 2060 5422; baseline -0.001 -11"><span class='ocrx_word' id='word_1_717' title='bbox 480 5353 938 5418; x_wconf 83' lang='lat' dir='ltr'><strong>animadvertitis,</strong></span> <span class='ocrx_word' id='word_1_718' title='bbox 965 5361 1024 5406; x_wconf 91' lang='lat' dir='ltr'><strong>ut</strong></span> <span class='ocrx_word' id='word_1_719' title='bbox 1049 5352 1226 5407; x_wconf 89' lang='lat' dir='ltr'><strong>insani</strong></span> <span class='ocrx_word' id='word_1_720' title='bbox 1253 5351 1525 5415; x_wconf 87' lang='lat' dir='ltr'><strong>videlicet,</strong></span> <span class='ocrx_word' id='word_1_721' title='bbox 1562 5353 1839 5422; x_wconf 88' lang='lat' dir='ltr'><strong>quomodo</strong></span> <span class='ocrx_word' id='word_1_722' title='bbox 1864 5371 2060 5410; x_wconf 87' lang='lat' dir='ltr'><strong>carnes</strong></span> 
     </span>
    </p>
   </div>
   <div class='ocr_carea' id='block_1_102' title="bbox 483 5442 2058 5515">
    <p class='ocr_par' dir='ltr' id='par_1_102' title="bbox 483 5442 2058 5515">
     <span class='ocr_line' id='line_1_102' title="bbox 483 5442 2058 5515; baseline -0.004 -12"><span class='ocrx_word' id='word_1_723' title='bbox 483 5457 694 5503; x_wconf 88' lang='lat' dir='ltr'><strong>vestras</strong></span> <span class='ocrx_word' id='word_1_724' title='bbox 723 5444 826 5515; x_wconf 90' lang='lat' dir='ltr'><strong>ipsi</strong></span> <span class='ocrx_word' id='word_1_725' title='bbox 873 5442 1172 5498; x_wconf 87' lang='lat' dir='ltr'><strong>devoretis.</strong></span> <span class='ocrx_word' id='word_1_726' title='bbox 1205 5442 1286 5496; x_wconf 85' lang='lat' dir='ltr'><strong>Att</strong></span> <span class='ocrx_word' id='word_1_727' title='bbox 1320 5443 1527 5496; x_wconf 83' lang='lat' dir='ltr'><strong>clarum</strong></span> <span class='ocrx_word' id='word_1_728' title='bbox 1579 5450 1685 5505; x_wconf 90' lang='lat' dir='ltr'><strong>est,</strong></span> <span class='ocrx_word' id='word_1_729' title='bbox 1719 5443 1895 5511; x_wconf 90' lang='lat' dir='ltr'><strong>ipsum</strong></span> <span class='ocrx_word' id='word_1_730' title='bbox 1932 5444 2058 5514; x_wconf 88' lang='lat' dir='ltr'><strong>qni-</strong></span> 
     </span>
    </p>
   </div>
   <div class='ocr_carea' id='block_1_103' title="bbox 483 5534 2058 5607">
    <p class='ocr_par' dir='ltr' id='par_1_103' title="bbox 483 5534 2058 5607">
     <span class='ocr_line' id='line_1_103' title="bbox 483 5534 2058 5607; baseline -0.004 -12"><span class='ocrx_word' id='word_1_731' title='bbox 483 5541 610 5595; x_wconf 66' lang='lat' dir='ltr'><strong>dzm</strong></span> <span class='ocrx_word' id='word_1_732' title='bbox 680 5537 980 5607; x_wconf 79' lang='lat' dir='ltr'><strong>ingenuum</strong></span> <span class='ocrx_word' id='word_1_733' title='bbox 1070 5544 1127 5590; x_wconf 87' lang='lat' dir='ltr'><strong>et</strong></span> <span class='ocrx_word' id='word_1_734' title='bbox 1201 5534 1640 5604; x_wconf 83' lang='lat' dir='ltr'><strong>magnanimum,</strong></span> <span class='ocrx_word' id='word_1_735' title='bbox 1696 5534 2058 5604; x_wconf 70' lang='lat' dir='ltr'><strong>gerenda-que</strong></span> 
     </span>
    </p>
   </div>
   <div class='ocr_carea' id='block_1_104' title="bbox 483 5625 2057 5696">
    <p class='ocr_par' dir='ltr' id='par_1_104' title="bbox 483 5625 2057 5696">
     <span class='ocr_line' id='line_1_104' title="bbox 483 5625 2057 5696; baseline -0.002 -15"><span class='ocrx_word' id='word_1_736' title='bbox 483 5627 740 5684; x_wconf 65' lang='lat' dir='ltr'><strong>amicitia:</strong></span> <span class='ocrx_word' id='word_1_737' title='bbox 764 5639 876 5681; x_wconf 90' lang='lat' dir='ltr'><strong>non</strong></span> <span class='ocrx_word' id='word_1_738' title='bbox 907 5627 1220 5696; x_wconf 89' lang='lat' dir='ltr'><strong>imperitum</strong></span> <span class='ocrx_word' id='word_1_739' title='bbox 1249 5625 1449 5679; x_wconf 87' lang='lat' dir='ltr'><strong>imitari</strong></span> <span class='ocrx_word' id='word_1_740' title='bbox 1479 5626 1846 5688; x_wconf 83' lang='lat' dir='ltr'><strong>voluisse,vos</strong></span> <span class='ocrx_word' id='word_1_741' title='bbox 1873 5637 2057 5679; x_wconf 86' lang='lat' dir='ltr'><strong>autem</strong></span> 
     </span>
    </p>
   </div>
   <div class='ocr_carea' id='block_1_105' title="bbox 483 5721 2055 5795">
    <p class='ocr_par' dir='ltr' id='par_1_105' title="bbox 483 5721 2055 5795">
     <span class='ocr_line' id='line_1_105' title="bbox 483 5721 2055 5795; baseline -0.004 -16"><span class='ocrx_word' id='word_1_742' title='bbox 483 5721 1015 5795; x_wconf 84' lang='lat' dir='ltr'><strong>improbissimorum</strong></span> <span class='ocrx_word' id='word_1_743' title='bbox 1049 5737 1113 5776; x_wconf 90' lang='lat' dir='ltr'><strong>ac</strong></span> <span class='ocrx_word' id='word_1_744' title='bbox 1145 5721 1468 5775; x_wconf 86' lang='lat' dir='ltr'><strong>stolidorum</strong></span> <span class='ocrx_word' id='word_1_745' title='bbox 1525 5733 1725 5783; x_wconf 87' lang='lat' dir='ltr'><strong>mores,</strong></span> <span class='ocrx_word' id='word_1_746' title='bbox 1787 5727 1841 5771; x_wconf 87' lang='lat' dir='ltr'><strong>et</strong></span> <span class='ocrx_word' id='word_1_747' title='bbox 1887 5734 2055 5772; x_wconf 90' lang='lat' dir='ltr'><strong>unum</strong></span> 
     </span>
    </p>
   </div>
   <div class='ocr_carea' id='block_1_106' title="bbox 476 5813 2056 5882">
    <p class='ocr_par' dir='ltr' id='par_1_106' title="bbox 476 5813 2056 5882">
     <span class='ocr_line' id='line_1_106' title="bbox 476 5813 2056 5882; baseline -0.001 -13"><span class='ocrx_word' id='word_1_748' title='bbox 476 5816 742 5869; x_wconf 85' lang='lat' dir='ltr'><strong>duntaxat</strong></span> <span class='ocrx_word' id='word_1_749' title='bbox 768 5830 878 5869; x_wconf 92' lang='lat' dir='ltr'><strong>non</strong></span> <span class='ocrx_word' id='word_1_750' title='bbox 909 5815 1046 5870; x_wconf 85' lang='lat' dir='ltr'><strong>male</strong></span> <span class='ocrx_word' id='word_1_751' title='bbox 1073 5815 1334 5878; x_wconf 86' lang='lat' dir='ltr'><strong>scientes,</strong></span> <span class='ocrx_word' id='word_1_752' title='bbox 1365 5813 1591 5882; x_wconf 81' lang='lat' dir='ltr'><strong>quosvis</strong></span> <span class='ocrx_word' id='word_1_753' title='bbox 1627 5826 1945 5882; x_wconf 79' lang='lat' dir='ltr'><strong>Oppugnare</strong></span> <span class='ocrx_word' id='word_1_754' title='bbox 1999 5821 2056 5868; x_wconf 88' lang='lat' dir='ltr'><strong>et</strong></span> 
     </span>
    </p>
   </div>
   <div class='ocr_carea' id='block_1_107' title="bbox 478 5904 2053 5979">
    <p class='ocr_par' dir='ltr' id='par_1_107' title="bbox 478 5904 2053 5979">
     <span class='ocr_line' id='line_1_107' title="bbox 478 5904 2053 5979; baseline -0.002 -15"><span class='ocrx_word' id='word_1_755' title='bbox 478 5908 810 5979; x_wconf 71' lang='lat' dir='ltr'><strong>interficere,</strong></span> <span class='ocrx_word' id='word_1_756' title='bbox 841 5909 976 5967; x_wconf 91' lang='lat' dir='ltr'><strong>nulli</strong></span> <span class='ocrx_word' id='word_1_757' title='bbox 1009 5918 1190 5965; x_wconf 87' lang='lat' dir='ltr'><strong>autem</strong></span> <span class='ocrx_word' id='word_1_758' title='bbox 1221 5906 1524 5978; x_wconf 85' lang='lat' dir='ltr'><strong>prodesse?</strong></span> <span class='ocrx_word' id='word_1_759' title='bbox 1561 5905 1658 5962; x_wconf 81' lang='lat' dir='ltr'><strong>Hic</strong></span> <span class='ocrx_word' id='word_1_760' title='bbox 1687 5921 1916 5976; x_wconf 65' lang='lat' dir='ltr'><strong>magnus</strong></span> <span class='ocrx_word' id='word_1_761' title='bbox 1944 5904 2053 5960; x_wconf 82' lang='lat' dir='ltr'><strong>dux</strong></span> 
     </span>
    </p>
   </div>
   <div class='ocr_carea' id='block_1_108' title="bbox 2165 4696 3708 4773">
    <p class='ocr_par' dir='ltr' id='par_1_108' title="bbox 2165 4696 3708 4773">
     <span class='ocr_line' id='line_1_108' title="bbox 2165 4696 3708 4773; baseline 0.003 -23"><span class='ocrx_word' id='word_1_762' title='bbox 2165 4696 2430 4750; x_wconf 85' lang='grc' dir='ltr'>δεσπότου</span> <span class='ocrx_word' id='word_1_763' title='bbox 2464 4699 2888 4768; x_wconf 80' lang='grc' dir='ltr'>κατηγορήκατε</span> <span class='ocrx_word' id='word_1_764' title='bbox 2931 4698 3172 4762; x_wconf 78' lang='grc' dir='ltr'>ἀδοξίαν.</span> <span class='ocrx_word' id='word_1_765' title='bbox 3208 4701 3292 4754; x_wconf 76' lang='grc' dir='ltr'>ὅτι</span> <span class='ocrx_word' id='word_1_766' title='bbox 3334 4705 3469 4770; x_wconf 77' lang='grc' dir='ltr'>πρὸς</span> <span class='ocrx_word' id='word_1_767' title='bbox 3495 4706 3586 4772; x_wconf 76' lang='grc' dir='ltr'>τὴν</span> <span class='ocrx_word' id='word_1_768' title='bbox 3620 4705 3708 4773; x_wconf 73' lang='grc' dir='ltr'><strong>βα-</strong></span> 
     </span>
    </p>
   </div>
   <div class='ocr_carea' id='block_1_109' title="bbox 2165 4786 3706 4858">
    <p class='ocr_par' dir='ltr' id='par_1_109' title="bbox 2165 4786 3706 4858">
     <span class='ocr_line' id='line_1_109' title="bbox 2165 4786 3706 4858; baseline 0.006 -21"><span class='ocrx_word' id='word_1_769' title='bbox 2165 4786 2360 4850; x_wconf 77' lang='grc' dir='ltr'>σιλέως</span> <span class='ocrx_word' id='word_1_770' title='bbox 2416 4788 2627 4858; x_wconf 79' lang='grc' dir='ltr'>σκηνὴν</span> <span class='ocrx_word' id='word_1_771' title='bbox 2682 4789 2887 4853; x_wconf 78' lang='grc' dir='ltr'>ἐλθὼν,</span> <span class='ocrx_word' id='word_1_772' title='bbox 2949 4792 3058 4844; x_wconf 72' lang='grc' dir='ltr'>ἀπὸ</span> <span class='ocrx_word' id='word_1_773' title='bbox 3112 4793 3223 4847; x_wconf 84' lang='grc' dir='ltr'><strong>τῶν</strong></span> <span class='ocrx_word' id='word_1_774' title='bbox 3275 4795 3706 4849; x_wconf 76' lang='grc' dir='ltr'>ἐπιϐουλευόντων</span> 
     </span>
    </p>
   </div>
   <div class='ocr_carea' id='block_1_110' title="bbox 2164 4880 3704 4958">
    <p class='ocr_par' dir='ltr' id='par_1_110' title="bbox 2164 4880 3704 4958">
     <span class='ocr_line' id='line_1_110' title="bbox 2164 4880 3704 4958; baseline 0.006 -28"><span class='ocrx_word' id='word_1_775' title='bbox 2164 4880 2580 4933; x_wconf 76' lang='grc' dir='ltr'>πολλῶν¹ὖντων</span> <span class='ocrx_word' id='word_1_776' title='bbox 2612 4883 2914 4950; x_wconf 79' lang='grc' dir='ltr'>ἀγρυπνῶν</span> <span class='ocrx_word' id='word_1_777' title='bbox 2954 4884 3280 4952; x_wconf 80' lang='grc' dir='ltr'>ἐφύλαττεν,</span> <span class='ocrx_word' id='word_1_778' title='bbox 3335 4889 3436 4942; x_wconf 70' lang='grc' dir='ltr'>ὐπὸ</span> <span class='ocrx_word' id='word_1_779' title='bbox 3468 4892 3558 4958; x_wconf 74' lang='grc' dir='ltr'>τῆς</span> <span class='ocrx_word' id='word_1_780' title='bbox 3597 4890 3704 4957; x_wconf 80' lang='grc' dir='ltr'>περὶ</span> 
     </span>
    </p>
   </div>
   <div class='ocr_carea' id='block_1_111' title="bbox 2166 4972 3704 5051">
    <p class='ocr_par' dir='ltr' id='par_1_111' title="bbox 2166 4972 3704 5051">
     <span class='ocr_line' id='line_1_111' title="bbox 2166 4972 3704 5051; baseline 0.003 -27"><span class='ocrx_word' id='word_1_781' title='bbox 2166 4972 2394 5043; x_wconf 83' lang='grc' dir='ltr'>βασιλέα</span> <span class='ocrx_word' id='word_1_782' title='bbox 2464 4976 2782 5044; x_wconf 56' lang='grc' dir='ltr'>ἡττώμενος</span> <span class='ocrx_word' id='word_1_783' title='bbox 2828 4977 3066 5043; x_wconf 84' lang='grc' dir='ltr'>εὐνοίας,</span> <span class='ocrx_word' id='word_1_784' title='bbox 3121 4979 3217 5031; x_wconf 76' lang='grc' dir='ltr'>καὶ</span> <span class='ocrx_word' id='word_1_785' title='bbox 3251 4981 3414 5034; x_wconf 82' lang='grc' dir='ltr'>πάθει</span> <span class='ocrx_word' id='word_1_786' title='bbox 3449 4984 3583 5051; x_wconf 85' lang='grc' dir='ltr'>μόνῳ</span> <span class='ocrx_word' id='word_1_787' title='bbox 3610 4983 3704 5034; x_wconf 77' lang='grc' dir='ltr'>τῶν</span> 
     </span>
    </p>
   </div>
   <div class='ocr_carea' id='block_1_112' title="bbox 2163 5067 3702 5143">
    <p class='ocr_par' dir='ltr' id='par_1_112' title="bbox 2163 5067 3702 5143">
     <span class='ocr_line' id='line_1_112' title="bbox 2163 5067 3702 5143; baseline 0.004 -25"><span class='ocrx_word' id='word_1_788' title='bbox 2163 5067 2384 5120; x_wconf 83' lang='grc' dir='ltr'>πάντων</span> <span class='ocrx_word' id='word_1_789' title='bbox 2416 5067 2605 5119; x_wconf 85' lang='grc' dir='ltr'>παθῶν</span> <span class='ocrx_word' id='word_1_790' title='bbox 2634 5068 2836 5138; x_wconf 76' lang='grc' dir='ltr'>ἡδίστῳ</span> <span class='ocrx_word' id='word_1_791' title='bbox 2865 5085 2921 5121; x_wconf 86' lang='grc' dir='ltr'><strong>τε</strong></span> <span class='ocrx_word' id='word_1_792' title='bbox 2956 5068 3071 5139; x_wconf 78' lang='grc' dir='ltr'>ἅμα</span> <span class='ocrx_word' id='word_1_793' title='bbox 3099 5073 3192 5122; x_wconf 85' lang='grc' dir='ltr'><strong>καί</strong></span> <span class='ocrx_word' id='word_1_794' title='bbox 3221 5071 3448 5143; x_wconf 82' lang='grc' dir='ltr'>ζηλωτῴ</span> <span class='ocrx_word' id='word_1_795' title='bbox 3477 5074 3702 5127; x_wconf 78' lang='grc' dir='ltr'>δεδουλω-</span> 
     </span>
    </p>
   </div>
   <div class='ocr_carea' id='block_1_113' title="bbox 2165 5159 3696 5235">
    <p class='ocr_par' dir='ltr' id='par_1_113' title="bbox 2165 5159 3696 5235">
     <span class='ocr_line' id='line_1_113' title="bbox 2165 5159 3696 5235; baseline 0.002 -25"><span class='ocrx_word' id='word_1_796' title='bbox 2165 5160 2350 5228; x_wconf 85' lang='grc' dir='ltr'>μένος.</span> <span class='ocrx_word' id='word_1_797' title='bbox 2398 5159 2690 5229; x_wconf 82' lang='grc' dir='ltr'>Ἐρωτήσω</span> <span class='ocrx_word' id='word_1_798' title='bbox 2737 5159 2794 5212; x_wconf 72' lang='grc' dir='ltr'>δὲ</span> <span class='ocrx_word' id='word_1_799' title='bbox 2848 5160 3012 5229; x_wconf 79' lang='grc' dir='ltr'>ὑμᾶς,</span> <span class='ocrx_word' id='word_1_800' title='bbox 3042 5162 3123 5219; x_wconf 71' lang='grc' dir='ltr'><strong>τίς</strong></span> <span class='ocrx_word' id='word_1_801' title='bbox 3179 5163 3390 5231; x_wconf 78' lang='grc' dir='ltr'>βέλτιον</span> <span class='ocrx_word' id='word_1_802' title='bbox 3420 5169 3534 5235; x_wconf 80' lang='grc' dir='ltr'>περί</span> <span class='ocrx_word' id='word_1_803' title='bbox 3563 5181 3616 5216; x_wconf 74' lang='grc' dir='ltr'><strong>τε</strong></span> <span class='ocrx_word' id='word_1_804' title='bbox 3643 5164 3696 5214; x_wconf 78' lang='grc' dir='ltr'>τὸ</span> 
     </span>
    </p>
   </div>
   <div class='ocr_carea' id='block_1_114' title="bbox 2163 5253 3700 5328">
    <p class='ocr_par' dir='ltr' id='par_1_114' title="bbox 2163 5253 3700 5328">
     <span class='ocr_line' id='line_1_114' title="bbox 2163 5253 3700 5328; baseline 0.002 -24"><span class='ocrx_word' id='word_1_805' title='bbox 2163 5255 2443 5320; x_wconf 69' lang='grc' dir='ltr'>προσῆκον</span> <span class='ocrx_word' id='word_1_806' title='bbox 2479 5254 2576 5305; x_wconf 82' lang='grc' dir='ltr'>καὶ</span> <span class='ocrx_word' id='word_1_807' title='bbox 2605 5253 2665 5305; x_wconf 80' lang='grc' dir='ltr'>τὸ</span> <span class='ocrx_word' id='word_1_808' title='bbox 2693 5253 2906 5305; x_wconf 87' lang='grc' dir='ltr'>δίκαιον</span> <span class='ocrx_word' id='word_1_809' title='bbox 2940 5255 3036 5306; x_wconf 74' lang='grc' dir='ltr'>καὶ</span> <span class='ocrx_word' id='word_1_810' title='bbox 3075 5256 3211 5325; x_wconf 76' lang='grc' dir='ltr'>πρὸς</span> <span class='ocrx_word' id='word_1_811' title='bbox 3245 5259 3547 5328; x_wconf 73' lang='grc' dir='ltr'>φιλοτιμίαν</span> <span class='ocrx_word' id='word_1_812' title='bbox 3567 5257 3700 5309; x_wconf 61' lang='lat'><strong>£60:-</strong></span> 
     </span>
    </p>
   </div>
   <div class='ocr_carea' id='block_1_115' title="bbox 2161 5348 3697 5422">
    <p class='ocr_par' dir='ltr' id='par_1_115' title="bbox 2161 5348 3697 5422">
     <span class='ocr_line' id='line_1_115' title="bbox 2161 5348 3697 5422; baseline 0.001 -22"><span class='ocrx_word' id='word_1_813' title='bbox 2161 5348 2416 5413; x_wconf 88' lang='grc' dir='ltr'>λεύσατο,</span> <span class='ocrx_word' id='word_1_814' title='bbox 2451 5349 2736 5419; x_wconf 84' lang='grc' dir='ltr'>σατράπης</span> <span class='ocrx_word' id='word_1_815' title='bbox 2798 5350 2826 5400; x_wconf 86' lang='grc' dir='ltr'>ὁ</span> <span class='ocrx_word' id='word_1_816' title='bbox 2873 5349 3002 5418; x_wconf 70' lang='grc' dir='ltr'>ἐμὸς</span> <span class='ocrx_word' id='word_1_817' title='bbox 3057 5349 3354 5416; x_wconf 83' lang='grc' dir='ltr'>δεσπότης,</span> <span class='ocrx_word' id='word_1_818' title='bbox 3405 5354 3459 5415; x_wconf 81' lang='grc' dir='ltr'>ὃς</span> <span class='ocrx_word' id='word_1_819' title='bbox 3507 5357 3589 5422; x_wconf 75' lang='grc' dir='ltr'>τῆς</span> <span class='ocrx_word' id='word_1_820' title='bbox 3626 5354 3697 5414; x_wconf 85' lang='grc' dir='ltr'><strong>είς</strong></span> 
     </span>
    </p>
   </div>
   <div class='ocr_carea' id='block_1_116' title="bbox 2165 5439 3695 5512">
    <p class='ocr_par' dir='ltr' id='par_1_116' title="bbox 2165 5439 3695 5512">
     <span class='ocr_line' id='line_1_116' title="bbox 2165 5439 3695 5512; baseline 0 -18"><span class='ocrx_word' id='word_1_821' title='bbox 2165 5441 2391 5512; x_wconf 62' lang='grc' dir='ltr'>βασιλέα</span> <span class='ocrx_word' id='word_1_822' title='bbox 2433 5442 2599 5495; x_wconf 76' lang='grc' dir='ltr'>ἕνεκα</span> <span class='ocrx_word' id='word_1_823' title='bbox 2653 5439 2837 5510; x_wconf 79' lang='grc' dir='ltr'>φιλίας</span> <span class='ocrx_word' id='word_1_824' title='bbox 2891 5440 3146 5494; x_wconf 77' lang='grc' dir='ltr'>τοσοῦτον</span> <span class='ocrx_word' id='word_1_825' title='bbox 3205 5444 3382 5496; x_wconf 82' lang='grc' dir='ltr'>εἵλετο</span> <span class='ocrx_word' id='word_1_826' title='bbox 3429 5447 3574 5498; x_wconf 81' lang='grc' dir='ltr'>πόνον</span> <span class='ocrx_word' id='word_1_827' title='bbox 3613 5444 3695 5494; x_wconf 71' lang='grc' dir='ltr'>καὶ</span> 
     </span>
    </p>
   </div>
   <div class='ocr_carea' id='block_1_117' title="bbox 2161 5532 3695 5603">
    <p class='ocr_par' dir='ltr' id='par_1_117' title="bbox 2161 5532 3695 5603">
     <span class='ocr_line' id='line_1_117' title="bbox 2161 5532 3695 5603; baseline -0.013 -4"><span class='ocrx_word' id='word_1_828' title='bbox 2161 5535 2404 5600; x_wconf 74' lang='grc' dir='ltr'><strong>ἀδοξίαν,</strong></span> <span class='ocrx_word' id='word_1_829' title='bbox 2432 5533 2507 5596; x_wconf 82' lang='grc' dir='ltr'><strong>ὡς</strong></span> <span class='ocrx_word' id='word_1_830' title='bbox 2539 5533 2700 5603; x_wconf 80' lang='grc' dir='ltr'>ὑμεῖς</span> <span class='ocrx_word' id='word_1_831' title='bbox 2729 5549 2890 5601; x_wconf 79' lang='grc' dir='ltr'>φατε,</span> <span class='ocrx_word' id='word_1_832' title='bbox 2923 5532 2955 5602; x_wconf 84' lang='grc' dir='ltr'>ἢ</span> <span class='ocrx_word' id='word_1_833' title='bbox 3000 5533 3161 5602; x_wconf 84' lang='grc' dir='ltr'>ὑμεῖς</span> <span class='ocrx_word' id='word_1_834' title='bbox 3187 5534 3237 5586; x_wconf 80' lang='lat' dir='ltr'><strong>oi</strong></span> <span class='ocrx_word' id='word_1_835' title='bbox 3268 5534 3476 5588; x_wconf 82' lang='grc' dir='ltr'>πολλῶν</span> <span class='ocrx_word' id='word_1_836' title='bbox 3504 5534 3585 5587; x_wconf 79' lang='grc' dir='ltr'>καὶ</span> <span class='ocrx_word' id='word_1_837' title='bbox 3609 5549 3695 5599; x_wconf 77' lang='grc' dir='ltr'>με·</span> 
     </span>
    </p>
   </div>
   <div class='ocr_carea' id='block_1_118' title="bbox 2161 5625 3692 5699">
    <p class='ocr_par' dir='ltr' id='par_1_118' title="bbox 2161 5625 3692 5699">
     <span class='ocr_line' id='line_1_118' title="bbox 2161 5625 3692 5699; baseline -0.002 -20"><span class='ocrx_word' id='word_1_838' title='bbox 2161 5627 2345 5695; x_wconf 82' lang='grc' dir='ltr'>γάλων</span> <span class='ocrx_word' id='word_1_839' title='bbox 2409 5626 2844 5688; x_wconf 81' lang='grc' dir='ltr'>ἀπολελαυκότες</span> <span class='ocrx_word' id='word_1_840' title='bbox 2910 5625 3174 5696; x_wconf 79' lang='grc' dir='ltr'>βασιλέως</span> <span class='ocrx_word' id='word_1_841' title='bbox 3225 5628 3692 5699; x_wconf 77' lang='grc' dir='ltr'>εὐεργετημάτων·</span> 
     </span>
    </p>
   </div>
   <div class='ocr_carea' id='block_1_119' title="bbox 2163 5715 3692 5786">
    <p class='ocr_par' dir='ltr' id='par_1_119' title="bbox 2163 5715 3692 5786">
     <span class='ocr_line' id='line_1_119' title="bbox 2163 5715 3692 5786; baseline -0.008 -13"><span class='ocrx_word' id='word_1_842' title='bbox 2163 5721 2354 5774; x_wconf 80' lang='grc' dir='ltr'>ἔπειτα</span> <span class='ocrx_word' id='word_1_843' title='bbox 2405 5719 2624 5773; x_wconf 85' lang='grc' dir='ltr'>πάντων</span> <span class='ocrx_word' id='word_1_844' title='bbox 2679 5717 2869 5786; x_wconf 79' lang='grc' dir='ltr'>ὥσπερ</span> <span class='ocrx_word' id='word_1_845' title='bbox 2914 5717 3352 5785; x_wconf 80' lang='grc' dir='ltr'>ἐπιλελησμένοι,</span> <span class='ocrx_word' id='word_1_846' title='bbox 3399 5721 3487 5770; x_wconf 71' lang='grc' dir='ltr'><strong>καί</strong></span> <span class='ocrx_word' id='word_1_847' title='bbox 3522 5715 3692 5782; x_wconf 74' lang='grc' dir='ltr'>πολλὴν</span> 
     </span>
    </p>
   </div>
   <div class='ocr_carea' id='block_1_120' title="bbox 2166 5794 3691 5882">
    <p class='ocr_par' dir='ltr' id='par_1_120' title="bbox 2166 5794 3691 5882">
     <span class='ocr_line' id='line_1_120' title="bbox 2166 5794 3691 5882; baseline -0.009 -17"><span class='ocrx_word' id='word_1_848' title='bbox 2166 5810 2565 5882; x_wconf 76' lang='grc' dir='ltr'>ἐπιδειξάμενοι</span> <span class='ocrx_word' id='word_1_849' title='bbox 2603 5794 2999 5879; x_wconf 65' lang='grc' dir='ltr'>ἀγνωμοσύνην</span> <span class='ocrx_word' id='word_1_850' title='bbox 3029 5811 3122 5861; x_wconf 82' lang='grc' dir='ltr'>καὶ</span> <span class='ocrx_word' id='word_1_851' title='bbox 3170 5811 3508 5878; x_wconf 67' lang='grc' dir='ltr'>ἀχαριστίαν,</span> <span class='ocrx_word' id='word_1_852' title='bbox 3537 5806 3691 5859; x_wconf 68' lang='grc' dir='ltr'>διαϐε-</span> 
     </span>
    </p>
   </div>
   <div class='ocr_carea' id='block_1_121' title="bbox 2165 5898 3689 5974">
    <p class='ocr_par' dir='ltr' id='par_1_121' title="bbox 2165 5898 3689 5974">
     <span class='ocr_line' id='line_1_121' title="bbox 2165 5898 3689 5974; baseline -0.01 -16"><span class='ocrx_word' id='word_1_853' title='bbox 2165 5906 2282 5970; x_wconf 83' lang='grc' dir='ltr'>λαῖς</span> <span class='ocrx_word' id='word_1_854' title='bbox 2338 5903 2678 5974; x_wconf 74' lang='grc' dir='ltr'>χρησάμενοι</span> <span class='ocrx_word' id='word_1_855' title='bbox 2733 5901 2828 5955; x_wconf 75' lang='grc' dir='ltr'><strong>καί</strong></span> <span class='ocrx_word' id='word_1_856' title='bbox 2891 5904 3299 5970; x_wconf 71' lang='grc' dir='ltr'>συκοφαντίαις,</span> <span class='ocrx_word' id='word_1_857' title='bbox 3346 5902 3432 5955; x_wconf 57' lang='grc' dir='ltr'>τὴν</span> <span class='ocrx_word' id='word_1_858' title='bbox 3492 5898 3689 5964; x_wconf 62' lang='grc' dir='ltr'>πόλεμον</span> 
     </span>
    </p>
   </div>
  </div>
