3962 6560
508 431 645 498 1107

1685 434 2011 496 JOANNIS
2049 435 2542 497 CANTACUZEN
2556 437 2576 496 ι

3608 433 3728 496 Ῑίίη

500 551 716 604 viribus
765 563 1139 620 propugnans,
1185 547 1408 604 Latinos
1470 547 1745 619 depellere
1800 550 2066 621 nequivit,

2183 552 2464 620 στρατιάν,
2499 547 2664 612 αὐτός
2693 564 2752 601 τε
2784 547 3078 618 ἐπανήξειν
3107 547 3224 617 μετ’
3253 546 3435 616 ὀλίγον
3468 562 3731 616 καταατηο

503 643 598 712 qoi
627 657 798 711 usque
829 641 992 696 bodie
1025 641 1268 712 Smyrnae
1297 651 1515 710 portum
1547 643 1820 698 obtinent.
1878 643 2073 697 Aiebat

503 743 685 790 autem
719 737 1038 805 imperator.
1068 735 1112 788 si
1161 736 1390 789 Amurio
1444 735 1499 790 in
1537 735 1772 789 Thracia
1821 745 2073 790 versante

505 825 792 895 Smyrnam
821 824 1086 894 occupari
1114 824 1458 894 contigisset,
1493 841 1600 880 non
1625 835 1799 880 semet
1834 834 2071 880 tantum-

502 917 688 982 modo,
724 917 822 974 sed
873 931 1065 971 omnes
1111 917 1373 971 mortales
1421 917 1709 971 Amurium
1750 934 1858 986 prae
1905 917 2073 971 nimio

501 1024 630 1078 erga
667 1009 1052 1078 imperatorem
1089 1022 1274 1061 amore
1321 1023 1442 1063 eam
1479 1007 1780 1076 perdidisse
1827 1007 2074 1075 suSpica-

505 1111 658 1154 tnros
687 1099 879 1155 fuisse.
915 1100 1072 1154 Nunc
1109 1100 1370 1168 quoniam
1425 1099 1544 1168 ipse
1585 1115 1709 1153 cum
1747 1101 1862 1154 suis
1900 1101 2075 1168 copiis

502 1204 702 1260 pra-sto
724 1191 912 1256 fuerit,
933 1193 1145 1248 nullum
1169 1207 1228 1247 se
1255 1202 1426 1262 capta:
1447 1193 1685 1247 civitatis
1707 1195 1926 1263 culpam
1952 1209 2072 1248 sus-

510 1285 704 1339 tinere.
730 1284 1001 1350 Quocirca
1027 1285 1139 1339 Deo
1175 1293 1416 1353 experta:
1447 1285 1852 1354 procurationis
1873 1286 2074 1356 gratias

503 1376 810 1444 singulares
867 1377 1082 1446 agebat,
1139 1377 1233 1444 qui
1275 1377 1440 1430 etiam
1483 1393 1602 1446 quae
1645 1379 1868 1432 molesta
1911 1387 2074 1446 atque

501 1465 702 1520 odiosa
727 1467 987 1521 videntur
1005 1466 1280 1531 accidere,
1317 1476 1561 1535 tempore
1591 1469 1809 1522 labente
1836 1468 1903 1522 ad
1927 1469 2076 1521 ulili-

507 1568 672 1614 tatem
699 1562 992 1616 constituta
1031 1571 1086 1616 et
1111 1563 1487 1618 administrata
1519 1565 1684 1618 fuisse
1714 1565 2071 1617 demonstrat.

503 1651 610 1704 Sed
663 1651 864 1705 de’ltis
908 1654 1072 1721 paulo
1131 1664 1252 1722 post
1307 1656 1567 1710 dicemus.
1619 1657 1746 1709 Post
1799 1656 2072 1710 dicessum

501 1742 710 1796 Amnrii
745 1742 816 1796 ab
846 1743 1100 1798 omnibus
1152 1743 1398 1800 ﬁnitimis
1447 1747 1595 1815 gravi
1645 1757 1701 1802 et
1761 1747 2072 1815 periculoso

504 1833 672 1902 bello.
699 1843 946 1904 urgetur.
980 1835 1115 1888 Nam
1143 1835 1329 1890 Crales
1354 1851 1479 1889 cum
1531 1837 1728 1890 robore
1765 1839 2072 1891 excercitus

503 1926 585 1978 sui
603 1925 837 1980 Ziclmas
854 1943 1024 1996 usque
1045 1943 1367 1997 progressus
1385 1939 1494 1993 est,
1511 1944 1577 1983 eo
1589 1929 1838 1990 consilio,
1859 1940 1917 1982 ut
1942 1946 2067 1984 eum

505 2018 558 2071 iu
587 2017 820 2089 Thracia
850 2018 1189 2083 adoriretur,
1217 2029 1272 2072 et
1304 2020 1592 2074 Mm:orum
1622 2036 1714 2074 rex
1741 2021 2067 2086 Alexander,

503 2109 770 2176 quidquid
823 2110 1062 2164 habebat
1111 2112 1433 2180 copiarum,
1479 2112 1755 2166 Stilbnum
1816 2113 2068 2178 adduxit,

505 2193 670 2268 585
710 2198 1007 2269 Palmologo
1034 2202 1225 2271 juveni
1259 2202 1602 2270 imperatori,
1653 2202 1707 2255 id
1758 2205 1901 2272 quod
1945 2220 2070 2274 spo-

505 2289 798 2356 ponderat,
829 2291 1035 2346 auxilio
1082 2292 1322 2346 futurus.
1373 2293 1689 2347 Patriarcba
1737 2305 1944 2361 autem,
1977 2311 2072 2350 vo-

505 2390 630 2436 cato
653 2383 708 2436 in
745 2385 1062 2440 concionem
1091 2386 1350 2441 universo
1390 2385 1610 2454 pepulo,
1648 2385 1702 2438 in
1739 2385 2074 2442 Cantacuze-

508 2489 663 2538 num,
697 2482 755 2528 nt
789 2475 912 2530 (iliis
937 2475 1182 2532 defuncti
1213 2476 1581 2546 imperatoris,
1613 2491 1642 2528 a
1677 2491 1788 2545 quo
1823 2479 2076 2544 plurimis

505 2568 967 2635 amplissimisque
1014 2567 1296 2622 beneﬁciis
1342 2577 1568 2621 ornatus
1609 2577 1777 2630 esset,
1818 2570 1982 2638 impie
2020 2578 2076 2625 et

505 2658 774 2715 scelerate
832 2658 1186 2712 insidiantem
1235 2660 1482 2712 invectus
1523 2666 1630 2713 est.
1662 2659 1868 2713 Deinde
1899 2662 2077 2730 δείρε-

510 2761 648 2804 t—rem
700 2757 758 2804 et
812 2758 1052 2804 tutorem
1115 2749 1478 2804 adolescentis
1532 2749 1884 2816 imperatoris
1947 2767 2075 2821 pro-

509 2841 784 2909 mulgatis,
815 2849 868 2896 et
900 2857 998 2910 pro
1028 2843 1146 2912 ejus
1191 2841 1364 2896 salute
1400 2841 1543 2894 nulla
1575 2841 1914 2905 discrimina,
1958 2843 2079 2897 nul-

504 2935 588 2988 los
645 2934 1034 2990 dimicationes
1084 2935 1513 2995 declinaturum,
1567 2933 1883 3002 bellumque
1925 2950 2077 2988 com-

509 3040 674 3078 mune
724 3025 1010 3079 liniturum
1063 3023 1344 3093 promens,
1387 3036 1579 3077 omnes
1635 3021 1701 3075 ad
1754 3039 1902 3077 arma
1949 3041 2078 3080 con-

508 3124 596 3168 tra
641 3113 1091 3170 Cantacuzenum
1129 3115 1522 3179 exstimulavit,
1564 3115 1698 3168 alios
1730 3115 1950 3184 quidem
1982 3133 2080 3187 per

2178 645 2412 712 σάμενος
2442 643 2511 694 τὰ
2535 639 2698 704 οίκοι,
2748 639 2846 694 καὶ
2890 639 3055 713 μέχρι
3097 639 3297 702 παντὸς
3333 638 3485 707 αὐτῷ
3538 639 3734 690 συνδια·

2171 735 2388 808 τρίψειν
2416 733 2574 803 ἄχρις
2597 733 2664 786 ἂν
2692 734 2720 784 6
2747 731 2985 800 πόλεμος
3019 730 3321 799 καταλυθῇ,
3355 730 3450 782 καὶ
3485 729 3735 791 συνταξά-

2176 847 2335 901 μενος
2368 828 2529 891 εὐθὺς
2570 826 2934 881 ἀπέπλευσεν.
2976 824 3121 877 Είαω
3163 825 3220 877 δὲ
3268 824 3438 892 τριῶν
3489 825 3580 874 καὶ
3615 823 3733 874 δέκα

2171 923 2421 992 ἡμερῶν,
2479 921 2547 988 ἢν
2591 916 2961 988 ὲπηγγείλατο
3010 915 3297 985 στρατιάν,
3346 914 3560 982 ἔπεμψε
3609 913 3735 981 πρὸς

2177 1015 2428 1086 βασιλέα.
2467 1012 2604 1065 Τότε
2651 1012 2751 1080 μὲν
2790 1005 2885 1064 οὖν
2929 1008 3256 1077 δυσχερείας
3304 1006 3451 1072 εδοξε
3481 1005 3732 1072 πολλῆςὴ

2175 1106 2532 1177 ἀναχώρησις
2577 1104 2789 1172 Ἆμοὺρ
2817 1100 2968 1154 αἰτία
2985 1099 3272 1166 γεγονέναι
3297 1097 3530 1166 βασιλεῖ.
3552 1097 3736 1148 ’Τετε-

2178 1219 2268 1272 ρον
2304 1199 2505 1270 μέντοι,
2538 1197 2636 1265 τῆς
2666 1197 2796 1264 περὶ
2823 1192 2988 1247 αὑτὸν
3031 1191 3127 1243 τοῦ
3156 1189 3290 1242 Θεοῦ
3322 1190 3651 1258 κηδεμονέας
3678 1191 3732 1240 οδ

2179 1293 2375 1364 μικρὸν
2399 1293 2494 1345 καὶ
2525 1288 2667 1359 αὕτη
2691 1289 2891 1356 δεῖγμα
2909 1283 3162 1352 ἐφαίνετο
3183 1284 3554 1350 γεγενημένη.
3582 1283 3732 1350 Τριήο

2177 1405 2292 1458 ρεις
2323 1386 2432 1454 γάρ
2460 1382 2721 1451 τέτταρες
2753 1380 2848 1434 καὶ
2884 1379 3059 1432 εἴκοσι
3091 1376 3385 1429 Λατινικαὶ
3439 1376 3505 1427 εκ
3538 1393 3598 1426 τε
3632 1376 3734 1428 Ἰὀ-

2175 1483 2302 1535 δεων
2342 1479 2434 1532 καί
2472 1494 2636 1530 τινων
2669 1474 2872 1545 ἑτέρων
2899 1473 3441 1544 παρεσκευασμέναι,
3480 1469 3732 1520 ἐπέπλευ-

2176 1593 2274 1627 σαν
2308 1576 2372 1642 τῇ
2411 1570 2657 1640 Σμύρνη,
2696 1570 2790 1621 καὶ
2835 1568 2897 1620 τὸ
2945 1566 3085 1636 πρὸς
3123 1566 3200 1634 τῷ
3231 1563 3411 1634 λιμένι
3485 1561 3734 1631 φρούριον

2175 1664 2344 1728 εἷλον,
2380 1663 2476 1716 καὶ
2506 1659 2640 1722 ναῦς
2679 1660 2990 1729 ἐνέπρησαν
3039 1662 3140 1710 οὐκ
3195 1656 3387 1723 ὀλίγας
3443 1654 3730 1722 Περσικάς.

2187 1759 2397 1827 Ἀμουρ
2427 1757 2483 1808 δὲ
2517 1753 2708 1823 παρὼν
2734 1753 2828 1805 καὶ
2853 1750 3214 1820 ἀμυνόμενος,
3232 1748 3306 1811 ὡς
3333 1747 3571 1817 μάλιστα
3595 1745 3732 1812 ἐνῆν,

2174 1851 2274 1902 οὐκ
2308 1847 2497 1917 ἴσχυσε
2529 1842 2915 1915 περιγενέσθαι
2949 1843 3051 1910 τῆς
3083 1841 3386 1908 Δατινικῆς
3437 1838 3731 1904 δυνάμεως.

2179 1943 2343 2010 Ἀχρι
2375 1939 2488 2007 γὰρ
2525 1937 2642 1990 νυνὶ
2673 1936 2766 1989 ὑπ’
2799 1935 3026 1987 ἐκείνων
3073 1935 3102 1986 6
3149 1930 3406 2001 Σμύρνης
3451 1930 3633 1999 ἔχεται
3659 1927 3737 1979 λι-

2179 2035 2312 2105 μήν.
2345 2031 2539 2098 Ἔλεγε
2563 2029 2620 2083 δὲ
2651 2030 2678 2080 6
2711 2027 2986 2098 βασιλεὺς,
3017 2024 3172 2088 ὡςέί
3202 2023 3516 2076 συνέϐαινεν
3543 2019 3737 2087 Ἀμοίιρ

2177 2123 2320 2179 κατὰ
2363 2122 2463 2192 τὴν
2513 2120 2740 2191 Θρᾴκην
2775 2115 3148 2187 διατρίϐοντος
3202 2111 3407 2166 ἁλῶναι
3464 2109 3733 2179 Σμύρναν,

2174 2219 2272 2271 οὐκ
2308 2215 2468 2277 αὐτὸς
2501 2214 2684 2284 μόνον,
2713 2211 2850 2265 ἀλλὰ
2876 2213 2971 2263 καὶ
3001 2208 3202 2270 πάντες
3241 2205 3522 2275 ἄνθρωποι
3551 2205 3648 2271 τῆς
3664 2202 3736 2262 είς

2177 2308 2402 2380 βασιλέα
2433 2307 2600 2358 ἕνεκα
2629 2288 2843 2366 εὐνοίας
2885 2301 2988 2370 τὴν
3019 2301 3177 2352 πόλιν
3231 2297 3438 2366 ’Λμοὺρ
3468 2291 3736 2346 ἀπολωλε-

2177 2402 2333 2458 κέναι
2365 2398 2431 2452 ἂν
2461 2396 2851 2451 ὑπώπτευσαν.
2906 2393 3045 2446 Νυνὶ
3087 2391 3144 2444 δὲ
3193 2389 3406 2442 ἐκείνου
3457 2386 3595 2455 μετὰ
3645 2383 3736 2450 τῆς

2178 2494 2438 2565 στρατιᾶς
2459 2492 2575 2543 ἐκεῖ
2603 2488 2894 2558 παρόντος,
2921 2483 3194 2555 μηδεμίαν
3216 2480 3349 2551 πρὸς
3377 2477 3541 2532 aii-56v
3572 2475 3738 2528 αξτξαν

2177 2581 2318 2640 εἶναι
2345 2585 2442 2651 τῆς
2480 2583 2753 2641 ἁλώσεως.
2782 2577 2859 2630 Δι’
2886 2576 2922 2631 ἃ
2954 2576 3154 2638 πολλὰς
3200 2571 3460 2626 ἀπεδίδου
3495 2567 3615 2635 Θεῷ
3655 2565 3734 2616 εὖ·

2179 2677 2471 2750 χαριστίας
2519 2674 2620 2741 τῆς
2660 2673 2787 2740 περὶ
2838 2669 3001 2722 αὐτὸν
3045 2664 3392 2736 κηδεμονίας,
3452 2661 3534 2713 ὃτι
3593 2655 3737 2750 nisi

2179 2749 2330 2823 δοκεῖ
2389 2766 2706 2836 συμϐαίνειν
2767 2761 3046 2832 δυσχερῆ,
3113 2757 3248 2828 πρὸς
3307 2755 3369 2806 τὸ
3429 2749 3735 2804 λυσιτελοῦν

2182 2862 2412 2931 ὕστερον
2460 2857 2848 2911 ἀποδείκνυται
2875 2849 3328 2930 οἱκονομούμενα.
3367 2844 3530 2898 mm
3576 2841 3733 2895 ταῦτα

2186 2951 2283 3021 μὲν
2311 2949 2477 3018 ὀλίγῳ
2510 2947 2757 3015 ὕστερον.
2813 2943 2947 2996 Τότε
3003 2941 3060 2992 δὲ
3101 2937 3306 3007 Ἀμοὺρ
3360 2934 3734 3003 ἀναχωρήσαν-

2182 3062 2294 3108 τος,
2354 3041 2518 3103 εὐθὺς
2580 3039 2684 3092 ὑπὸ
2737 3037 2951 3089 πάντων
2993 3031 3104 3085 τῶν
3163 3027 3458 3098 περιοίκων
3515 3024 3732 3090 πόλεμος

2183 3136 2351 3189 δεινὸς
2388 3131 2614 3202 βασιλέα
2667 3128 3026 3199 περιΐστατο·
3083 3122 3111 3176 6
3148 3139 3207 3176 τε
3244 3121 3353 3190 γὰρ
3401 3118 3645 3190 Κράλης,
3678 3115 3730 3165 τὸ

509 3222 568 3260 se
624 3222 950 3276 propensos,
1024 3208 1162 3262 alios
1194 3207 1522 3262 necessitate
1563 3209 1755 3261 eodem
1804 3210 2076 3274 trahente,

2184 3229 2476 3298 κράτιστον
2515 3223 2664 3289 ἂγων
2695 3221 2796 3290 τῆς
2823 3217 3028 3279 οἰκείας
3064 3215 3344 3286 στρατιᾶς.
3384 3212 3514 3281 ἄχρι
3544 3209 3733 3279 Ζιχνῶν

508 3299 710 3368 quippe
741 3300 832 3368 qui
869 3301 1072 3368 alioqui
1111 3301 1481 3369 suspicionem
1508 3315 1616 3354 non
1663 3303 1954 3358 evitarent.
2012 3305 2080 3358 Et

510 3405 703 3444 omnes
733 3405 791 3444 se
833 3391 1170 3460 expeditioni
1215 3391 1426 3461 pediles
1461 3395 1784 3464 equitesque
1825 3396 2079 3466 accinge-

513 3481 664 3536 bant.
727 3482 937 3536 Dabant
997 3484 1127 3536 item
1192 3485 1416 3539 nomina
1471 3503 1751 3556 proceres,
1808 3497 2080 3558 quotquot

511 3571 695 3627 adhuc
743 3588 772 3624 a
821 3573 1052 3629 vinculis
1101 3575 1372 3630 immunes
1420 3587 1579 3632 erant
1625 3595 1638 3630 :
1690 3589 1897 3648 partem
1931 3580 2078 3634 enim

513 3662 777 3732 majorem
801 3679 1031 3733 magnus
1061 3663 1170 3719 dux
1198 3666 1336 3721 alios
1365 3665 1418 3721 in
1449 3669 1765 3724 carceribus
1786 3671 2078 3736 attinebat,

510 3755 752 3809 collarils
784 3756 1020 3825 injectis,
1058 3757 1111 3810 in
1146 3757 1346 3827 quibus
1375 3768 1427 3814 ct
1457 3760 1525 3815 de
1548 3761 1868 3816 Andronico
1898 3763 2076 3816 Asane

507 3849 1094 3905 Cattwcuzenisccero
1139 3854 1370 3922 quanio
1426 3855 1759 3920 habebatur,
1812 3857 2079 3926 quosdam

510 3942 837 4011 iuipsorum
890 3944 1101 4000 aedibus
1159 3945 1456 4002 interdicto
1502 3949 1654 4004 aditu
1703 3950 2078 4014 custodiebat,

510 4043 735 4103 eratque
772 4051 896 4090 cum
929 4038 1089 4107 plena
1133 4048 1188 4092 et
1240 4039 1491 4095 absoluta
1525 4050 1797 4110 potestate
1829 4055 2080 4094 summus

512 4129 784 4182 exercitus
815 4129 1136 4197 imperator.
1171 4131 1349 4202 Atque
1380 4133 1435 4186 bi
1476 4134 2079 4189 adolescentemloan-

514 4232 663 4281 nem.
698 4219 1085 4288 imperatorem
1136 4238 1320 4277 secum
1381 4225 1688 4288 ducentes,
1759 4225 2078 4279 Heracleam

513 4307 760 4364 Thracia:
789 4322 1078 4372 venerunt.
1108 4315 1495 4384 mittentcsque
1522 4316 1688 4369 etiam
1722 4317 1788 4370 ad
1815 4317 2082 4371 Momitzi-

511 4404 648 4462 lum.
685 4403 1040 4458 castellorum
1081 4405 1326 4476 Meropes
1363 4415 1418 4460 et
1446 4404 1679 4458 aliorum
1722 4408 2019 4477 agrestium
2050 4423 2078 4462 a

509 4496 894 4550 Cantacuzeno
943 4497 1292 4554 commissam
1347 4497 1726 4568 praefecturam
1773 4511 2078 4570 gerentem.

511 4589 703 4642 multis
749 4590 1036 4657 promissis
1080 4590 1146 4644 ad
1181 4607 1331 4644 arma
1375 4591 1427 4643 in
1459 4591 1713 4644 eumdem
1745 4595 2081 4662 capessenda
2117 4583 2156 4635 ί)

511 4682 880 4750 pellexerunt.
928 4683 1050 4737 lam
1099 4683 1246 4736 cnim
1273 4697 1369 4735 ora
1419 4681 1700 4735 hominum
1736 4684 2076 4751 pervolabat,

511 4789 614 4826 nec
645 4773 730 4827 illi.
773 4776 1016 4842 potentia
1061 4773 1273 4827 deerat.
1305 4773 1400 4827 Sic
1431 4773 1618 4842 itaque
1661 4773 2080 4830 Cantacuzenus

510 4864 654 4918 bello
685 4880 758 4918 ex.
794 4867 944 4918 omni
982 4876 1135 4933 parte
1182 4865 1492 4934 petebatur,
1541 4874 1597 4919 et
1633 4877 1880 4921 metuere
1912 4883 2079 4937 coge-

510 4957 694 5010 batur.
742 4956 928 5011 Nihilo
978 4957 1160 5010 minus
1194 4973 1294 5026 pro
1356 4967 1624 5026 perpetua
1679 4960 2080 5013 consuetudine

508 5064 606 5102 sua
645 5049 697 5102 in
729 5049 990 5117 periculis
1020 5056 1260 5101 mentem
1293 5049 1563 5102 excelsam
1606 5051 1868 5112 retinens,
1910 5061 1963 5103 et
1998 5055 2079 5102 iu-

510 5141 771 5209 gruentia
800 5142 938 5194 mala
962 5141 1216 5209 aequabili
1246 5157 1310 5195 ac
1341 5141 1450 5194 icui
1490 5142 1673 5197 animo
1714 5143 1974 5207 tolerans,
2011 5143 2080 5196 ad

510 5232 885 5289 Alexandrum
916 5233 1210 5288 Mmsorum
1259 5250 1440 5304 regem
1485 5236 1697 5304 legatos
1731 5235 1922 5297 mittit,
1953 5251 2080 5290 cum

512 5327 742 5380 hortans
785 5328 864 5379 uti
899 5327 1003 5379 hoc
1049 5326 1273 5396 negotio
1316 5328 1695 5396 superscdeat,
1732 5329 2082 5399 quandoqui-

511 5420 637 5473 dem
688 5419 794 5472 hoc
841 5419 1102 5472 adversus
1131 5435 1203 5486 se
1259 5429 1632 5488 comparatum
1685 5420 1883 5474 bellum
1929 5422 2080 5476 brevi

513 5511 713 5566 multas
748 5511 798 5564 ci
832 5511 1015 5565 clades
1048 5512 1304 5565 daturum
1357 5511 1450 5566 sit.
1495 5511 1616 5580 Ipse
1660 5512 1715 5566 in
1767 5511 2081 5569 Clialcidica

513 5602 964 5672 Gratianopolim,
1015 5620 1122 5659 non
1179 5605 1326 5659 illam
1378 5605 1893 5674 quidemfamplam,
1925 5617 2085 5661 caete-

512 5711 635 5749 rum
661 5710 784 5749 cum
816 5706 1008 5752 natura
1035 5697 1164 5761 loci,
1197 5709 1312 5752 tum
1345 5697 1623 5752 mmnibus
1654 5698 2078 5753 munitissimam

512 5789 710 5844 urbem
733 5800 786 5844 et
819 5791 1022 5860 alioqui
1053 5790 1389 5845 omnimodis
1423 5790 1790 5854 commodam,
1831 5802 1886 5845 ct
1917 5791 2082 5845 Chal-

513 5882 715 5938 ridiccs
747 5892 1002 5954 tanquam
1049 5882 1394 5951 ntelrnpnlim
1421 5880 1653 5937 obsidet.
1681 5881 1762 5936 Ab
1797 5869 2076 5952 ὀρίνῃς-ηας

2184 3321 2406 3388 ἀφῖκτο,
2465 3316 2692 3384 γνώμην
2748 3313 2911 3383 έχων,
2961 3310 3035 3374 ὡς
3096 3308 3239 3362 κατὰ
3283 3307 3510 3378 Θρᾴκην
3557 3301 3729 3368 ἐπιθη-

2185 3413 2413 3480 σόμενος
2475 3406 2723 3477 βασιλεῖ,
2782 3403 2878 3455 καὶ
2944 3403 2974 3454 6
3037 3399 3147 3453 τῶν
3218 3397 3425 3453 Μυσῶν
3496 3393 3731 3467 βασιλεὺς

2195 3498 2545 3567 Ἀλέξανδρος
2575 3490 2708 3566 ἧκεν
2740 3493 2832 3546 επὶ
2881 3491 3146 3543 Στίλπνον
3193 3485 3575 3556 πανστρατιᾷ,
3627 3482 3725 3534 lla-

2183 3591 2450 3659 λαιολόγῳ
2481 3587 2556 3658 τῷ
2585 3587 2690 3656 νέῳ
2721 3583 3106 3654 συμμαχήσων
3155 3579 3392 3650 βασιλεῖ,
3447 3575 3632 3644 ὥσπερ
3670 3568 3731 3642 ἦν

2185 3682 2590 3752 ὑπεσχημένος.
2629 3679 2984 3749 Πατριάρχης
3028 3691 3090 3726 τε
3139 3671 3445 3739 ἐκκλησίαν
3473 3668 3580 3722 ἀπὸ
3606 3668 3724 3719 πάνυ

2183 3793 2293 3829 των
2329 3772 2635 3838 Βυζαντίων
2669 3768 3063 3838 ποιησάμενος,
3096 3766 3191 3818 καὶ
3220 3762 3392 3815 πολλὰ
3437 3761 3731 3814 Καντακουο

2185 3865 2346 3935 ζηνοῦ
2378 3863 2470 3917 τοῦ
2508 3862 2774 3932 βασιλέως
2824 3856 3238 3925 καθαψάμενος,
3289 3853 3364 3916 ὡς
3404 3851 3600 3912 ἀδίκως
3648 3849 3732 3901 καὶ

2185 3955 2516 4029 παρανόμως
2566 3956 2680 4016 τοῖς
2733 3951 2922 4004 παισὶν
2969 3946 3417 4007 ἐπιϐουλεύοντος
3467 3941 3730 4012 βασιλέως.

2182 4043 2245 4104 οὗ
2295 4047 2504 4101 πολλῶν
2557 4044 2835 4099 ἀπέλαυσε
2892 4039 2989 4094 καὶ
3055 4037 3335 4109 μεγίστων
3396 4033 3730 4103 εὐεργεσιῶν,

2185 4139 2376 4192 ἔπειτα
2410 4134 2602 4188 ἑαυτὸν
2633 4131 2846 4202 πατέρα
2876 4129 2969 4183 καὶ
2993 4126 3276 4198 κηδεμόνα
3302 4123 3398 4177 τοῦ
3439 4126 3561 4178 νέου
3588 4124 3729 4192 βατι-

2183 4232 2318 4290 λέως
2350 4224 2734 4295 άνακχρύξας,
2763 4225 2858 4278 καὶ
2886 4222 2960 4284 ὡς
2995 4220 3082 4272 διὰ
3105 4219 3204 4289 τὴν
3231 4216 3446 4270 ἐκείνου
3481 4215 3734 4282 σωτηρίαν

2185 4322 2454 4382 κινδύνοις
2493 4318 2588 4372 καὶ
2623 4315 2826 4387 μάχαις
2857 4313 2952 4366 καὶ
2997 4313 3162 4375 αὐτὸς
3213 4311 3357 4380 ἔγνω
3409 4306 3733 4380 παραϐάλλε-

2187 4415 2330 4479 σθαι,
2390 4413 2483 4466 καὶ
2516 4407 2810 4463 καταλύειν
2853 4406 2946 4458 τὸν
2990 4404 3170 4458 κοινὸν
3207 4402 3492 4473 πολέμιον,
3541 4401 3729 4458 πάντας

2192 4508 2532 4576 παρώρμησε
2565 4501 2704 4573 πρὸς
2735 4499 2827 4553 τιν
2870 4495 3328 4565 Καντακουζηνοῦ
3359 4495 3453 4549 τοῦ
3487 4493 3728 4564 βασιλέως

2189 4585 2590 4668 πόλέμονηοὺς
2629 4593 2724 4664 μὲν
2751 4591 3000 4655 ἑκόντας,
3029 4590 3146 4642 εστι
3175 4588 3218 4642 δ’
3247 4587 3340 4651 οὓς
3366 4589 3460 4640 καὶ⁸
3492 4586 3558 4639 δι’
3584 4585 3730 4649 ἀνάγ-

2190 4706 2293 4756 κην
2318 4686 2602 4746 δείσαντας
2632 4683 2690 4736 τὸ
2731 4679 3161 4734 ὑποπτεύεσθαι.
3191 4679 3300 4732 Καὶ
3332 4678 3531 4738 πάντες
3566 4674 3727 4743 κοινὴν

2188 4779 2547 4848 ἐκστρατείαν
2575 4775 2902 4844 ἐποιήσαντο
2933 4771 3089 4837 πεζοί
3119 4788 3178 4824 τε
3205 4771 3299 4824 καὶ
3337 4773 3546 4832 irruat,"
3576 4767 3732 4836 παρῆ-

2191 4889 2290 4924 σαν
2318 4871 2375 4924 δὲ
2409 4870 2502 4922 καὶ⁵
2539 4869 2648 4923 τῶν
2677 4866 3078 4937 συγκλητικῶν,
3105 4866 3221 4918 ὅσοι
3255 4861 3398 4936 ἦσαν
3423 4866 3502 4917 ἔτι
3538 4862 3727 4916 ἄδετοι·

2187 4967 2313 5026 τοὺς
2342 4962 2561 5025 πλείους
2601 4962 2710 5030 γάρ
2757 4959 2934 5014 αὐτῶν
2965 4960 2993 5012 6
3022 4957 3196 5028 μέγας
3220 4956 3369 5022 δουξ,
3405 4957 3526 5019 τοὺς
3556 4953 3645 5022 μὲν
3678 4953 3729 5002 ὲν

2188 5055 2590 5125 δεσμωτηρίοις
2619 5051 2762 5124 εῖχεν
2804 5052 2910 5104 ὑπὸ
2939 5052 3163 5114 κλοιοῖς,
3205 5051 3263 5102 ἐν
3304 5045 3388 5111 οἷς
3420 5048 3512 5101 καὶ
3541 5043 3730 5109 Ἀνδρόο

2192 5165 2342 5210 νικος
2381 5148 2612 5215 Ἀσάνης
2644 5147 2673 5197 6
2704 5141 3162 5211 Καντακουζηνοῦ
3194 5140 3289 5194 τοῦ
3323 5141 3580 5211 βασιλέως
3606 5136 3727 5204 ’ἑξηο

2193 5239 2392 5301 τάζετο
2423 5235 2712 5304 πενθερὸς,
2746 5233 2861 5286 ἔστι
2911 5232 2956 5286 δ’
3002 5231 3097 5293 οὓς
3141 5233 3235 5284 καὶ
3285 5233 3343 5284 ἐν
3393 5235 3512 5292 ταῖς
3553 5227 3728 5286 οἰκίαις

2193 5330 2452 5400 ἐφρούρει
2483 5329 2798 5398 ἀπροῒτους.
2833 5326 3004 5387 Αὐτὸς
3031 5324 3087 5376 δὲ
3118 5321 3186 5394 ἦν
3221 5324 3323 5392 τῆς
3374 5325 3616 5392 στρατιᾶς
3644 5317 3731 5370 αὖ·

2192 5421 2479 5489 τοκράτωρ
2508 5419 2836 5487 στρατηγός.
2870 5415 2934 5468 υἱ
2965 5419 3059 5469 καὶ
3084 5416 3315 5486 βασιλέα
3346 5419 3436 5470 τὸν
3461 5419 3571 5469 νέον
3597 5415 3730 5480 ἔχαδ-

2192 5529 2280 5573 τες
2320 5510 2600 5578 Ἰωάννην,
2654 5506 2789 5579 ἧκον
2847 5512 2926 5571 εἰς
2984 5509 3318 5578 Ἡράκλειαν
3375 5510 3473 5578 τῆς
3511 5509 3726 5578 Θρᾴκηςο

2193 5603 2512 5672 πέμψαντες
2545 5601 2600 5653 δὲ
2651 5602 2745 5654 καὶ
2801 5602 2934 5670 πρὸς
2980 5601 3338 5672 Μομιτζξλον,
3370 5601 3428 5663 ὃς
3479 5601 3578 5653 τῶν
3604 5598 3729 5650 κατὰ

2193 5695 2459 5764 Μῑρόπην
2501 5698 2777 5764 φρουρίων
2827 5696 2922 5747 καί
2968 5695 3076 5747 τῶν
3135 5696 3310 5748 ἄλλων
3355 5695 3592 5764 νομάδων
3636 5691 3733 5743 ὑπὸ

2194 5787 2655 5854 Καντακουζηνοῦ
2688 5789 2784 5841 τοῦ
2834 5787 3097 5857 βασιλέως
3143 5787 3483 5859 ἐνεχειρίσθη
3534 5785 3622 5853 τὴν
3647 5784 3733 5850 ac-

2197 5897 2316 5950 χηη-

2375 5881 2600 5935 ἳπειῖαν
2651 5882 2973 5952 ὑποσχέέεσι
3033 5880 3270 5943 πολλα-ἴς,
3339 5881 3562 5950 πόλεμον
3615 5881 3731 5946 πρὶς
