3962 6564
409 358 541 423 Ilii

1575 366 1900 428 JOANNIS
1939 368 2466 433 CANTACUZENI

3521 369 3644 434 11ιέ

405 479 620 524 mentes
681 470 1001 537 incursum,
1056 472 1111 527 in
1164 483 1404 529 montem
1456 474 1696 530 vicinum
1743 491 1802 532 et
1855 476 1972 532 loca

2087 479 2317 548 γὸμενον
2349 482 2753 553 περιτυχόντες,
2801 481 3130 536 καθίσταντο
3160 480 3301 551 πρὸς
3348 479 3548 550 μάχην.
3586 483 3644 534 ῦί

406 560 668 629 impedita
721 561 1007 617 secedunt.
1053 562 1279 618 Triballi
1332 563 1585 622 dilIiciles
1629 566 1816 622 aditus
1849 582 1971 622 cer-

406 659 621 708 neutra.
654 652 889 722 ratique,
943 652 989 708 si
1033 667 1134 722 per
1160 654 1444 723 angustias
1475 655 1814 726 penetrando
1851 670 1974 712 sese

407 741 750 812 impellerent
825 752 882 800 et
940 754 1326 813 coarctarent,
1401 763 1576 818 equos
1661 747 1976 818 complures

407 831 539 885 hinc
577 831 702 887 inde
753 832 966 904 sagittis
1007 836 1256 894 coutlxos
1299 851 1332 892 a
1375 835 1629 892 barbaris
1670 837 1969 908 perituros,

409 936 581 990 seque
639 925 776 979 nihil
826 926 932 981 nisi
977 929 1204 984 vulnera
1247 937 1650 999 reportaturus,
1700 928 1768 984 dc
1815 929 1976 998 equis

409 1013 831 1080 descendentes,
864 1018 1099 1088 pedibus
1122 1035 1221 1089 per
1257 1021 1485 1076 acclivia
1509 1035 1742 1090 Operose
1774 1035 1837 1076 ac
1864 1020 1973 1075 dif-

409 1107 644 1173 ﬁculter,
704 1125 983 1165 armorum
1035 1112 1275 1182 pondere
1330 1111 1615 1179 retardati,
1683 1113 1737 1167 in
1791 1111 1977 1168 hostes

410 1199 588 1256 ibant.
633 1201 912 1256 'Videntes
950 1200 1130 1257 Persae
1176 1203 1444 1258 Triballos
1489 1203 1625 1259 adeo
1679 1219 1775 1273 per
1820 1204 1969 1259 invia

408 1291 733 1352 eluctantcs,
765 1293 1027 1362 quiddam
1079 1296 1360 1352 curiosum
1399 1297 1570 1366 magis
1613 1311 1778 1366 quam
1807 1312 1978 1368 gene-

410 1398 600 1436 rosum
650 1384 829 1440 facere
877 1385 1204 1451 decernunt,
1233 1398 1292 1442 et
1335 1386 1462 1458 fuga
1491 1389 1745 1442 simulata
1775 1389 1977 1444 montis

411 1473 674 1529 ulteriora
706 1487 919 1545 petunt.
953 1477 1183 1534 Triballi
1220 1477 1430 1533 fraudis
1453 1479 1626 1549 ignari
1645 1489 1973 1549 sequuntur.

410 1564 518 1628 Qui
541 1577 829 1635 postquam
861 1568 929 1622 ab
961 1569 1137 1638 cquis.
1173 1570 1350 1638 iisque
1379 1584 1487 1623 non
1518 1571 1708 1639 paucis
1740 1570 1973 1626 destite-

2078 572 2282 643 Πέρσαι
2313 573 2372 627 δὲ
2403 577 2528 630 επεὶ
2571 575 2754 630 πεδίον
2778 570 2848 647 ἧν
2874 574 2963 642 ἐφ’
2994 567 3055 626 οὒ
3089 573 3382 643 Τριϐαλοῖς
3429 571 3645 642 ἔμελλεν

2079 662 2219 716 ἱέναι
2246 663 2304 728 ἐς
2351 665 2452 728 τὰς
2499 667 2711 736 χεῖρας,
2738 665 3022 727 δείσαντες
3047 665 3149 734 τὴν
3191 662 3384 734 εφοδον
3419 662 3532 715 τῶν
3566 665 3647 714 ίπο

2077 756 2250 822 πέων,
2279 757 2594 828 ἀνεχώρουν
2623 757 2760 829 πρδς
2786 757 2849 811 τὺ
2878 759 3006 827 δρος
3032 757 3128 810 καὶ
3154 757 3256 818 τὰς
3289 755 3638 825 δυσχωρίας·

2074 844 2145 918 ἦν
2174 848 2284 917 γὰρ
2321 847 2513 917 ἐγγύς.
2556 848 2828 918 Ὅρῶντες
2855 847 2910 902 δὲ
2949 849 3000 902 ei
3029 846 3294 919 Τριϐαλοὶ
3352 845 3647 914 δυσπρόσο-

2075 939 2165 994 δον
2201 940 2264 994 τδ
2315 941 2533 1010 χωρίον,
2569 942 2668 994 καὶ
2718 939 3044 1008 νομίσαντες
3074 939 3124 990 εί
3168 935 3260 989 διά
3295 933 3407 987 τῶν
3452 932 3651 986 milia

2077 1030 2354 1084 είσωθοῖεν
2381 1031 2633 1096 ἑαυτοὺς,
2661 1031 2862 1090 ἵππους
2893 1046 2953 1081 τε
2981 1027 3207 1082 ἀπολεῖν
3237 1025 3472 1087 πολλοὺς
3500 1039 3648 1090 περ..

2075 1121 2464 1190 τοξευομένους
2495 1121 2601 1174 ύπδ
2628 1120 2738 1175 τῶν
2776 1118 3092 1190 βαρϐάρων,
3121 1117 3216 1172 καὶ
3250 1115 3452 1176 αὐτοὺς
3481 1131 3644 1184 τραυο

2082 1212 2536 1283 ματισθήσεσθαι,
2563 1211 2867 1275 ἀποϐάντες
2893 1211 3005 1264 τῶν
3034 1211 3240 1273 ἵππων,
3267 1205 3522 1270 ἐϐάδιζον
3547 1222 3644 1257 ιε-

2078 1307 2162 1370 ζοὶ
2215 1307 2307 1359 ἐπὶ
2339 1307 2466 1370 τοὺς
2497 1304 2814 1375 πολεμίους,
2857 1302 3143 1372 δυσέργως
3188 1300 3286 1355 καὶ
3337 1299 3483 1369 μετὰ
3532 1297 3648 1366 βίας

2078 1385 2172 1451 Ini
2207 1397 2267 1450 τὸ
2299 1397 2528 1458 ἄναντες
2555 1397 2728 1458 ίόντες
2759 1393 2846 1448 διά
2881 1393 3166 1464 βαρύτητα
3199 1391 3314 1445 τῶν
3352 1389 3556 1443 ὃπλων.
3586 1387 3649 1441 Ol

2079 1490 2287 1558 Πέρσαι
2319 1487 2376 1543 δὲ
2416 1487 2617 1548 ἰδόντες
2638 1486 2783 1539 οὕτω
2812 1483 3011 1548 πεζοὺς
3039 1484 3134 1537 ἐπὶ
3175 1482 3278 1550 τὴν
3313 1480 3498 1535 ἄνοδον
3531 1479 3646 1548 βια-

2079 1579 2362 1649 ζομένους,
2401 1577 2825 1648 περιεργότερον
2852 1592 2907 1628 τι
2949 1575 3153 1645 μᾶλλον
3182 1573 3459 1640 ἔγνωσαν,
3488 1571 3522 1640 ἢ
3552 1574 3641 1623 ἁν-

411 1665 560 1747 runt.
614 1657 792 1713 Persa
842 1659 1023 1714 denuo
1073 1662 1447 1730 agglomerati,
1501 1661 1710 1718 directe
1751 1663 1974 1732 quidem

2087 1671 2385 1740 δρειότερον
2415 1671 2618 1723 ποιεῖν·
2657 1669 2751 1722 καὶ
2797 1665 3236 1737 ὑποκρινάμενοι
3266 1663 3473 1747 φυγὴν,
3513 1664 3641 1732 pal-

411 1746 576 1818 587
604 1761 798 1804 contra
841 1765 938 1806 eos
964 1767 1072 1806 non
1118 1753 1544 1818 contenderunt,
1578 1753 1673 1807 sed
1700 1753 1770 1808 ab
1798 1755 1969 1808 altera

2087 1760 2171 1815 λον
2222 1758 2532 1830 ἀνεχώρουν
2583 1759 2719 1828 πρὸς
2777 1757 2840 1809 τὸ
2872 1755 3017 1826 ὅρος,
3046 1755 3096 1808 οἱ
3129 1754 3172 1809 δ’
3208 1746 3540 1822 ἐφείποντο,
3577 1753 3645 1821 μὴ

411 1849 568 1906 parte
595 1840 1008 1908 circumventis,
1038 1844 1106 1902 ad
1136 1859 1308 1914 equos
1340 1844 1559 1899 illorum
1586 1854 1974 1908 cucurrerunt,

2087 1851 2389 1910 συνιδόντες
2422 1851 2523 1922 τὴν
2555 1849 2797 1918 ἀπάτην.
2837 1848 2994 1902 Ἐπεὶ
3018 1846 3077 1900 δὲ
3105 1847 3432 1916 ἀπέστησαν
3463 1846 3645 1899 tata-:1-

411 1938 472 1983 et
498 1930 625 2000 quia
654 1933 820 1990 armis
853 1950 964 1990 non
995 1937 1379 2005 gravabantur,
1410 1946 1822 1992 anterertentes
1851 1936 1976 1991 Tri-

2087 1961 2168 2012 ροι
2199 1944 2308 1997 τῶν
2344 1943 2526 1996 ἵππων
2550 1941 2650 1996 οὐκ
2672 1940 2872 2008 ὀλίγον,
2901 1940 2954 1993 οἱ
2989 1939 3198 2009 Πέρσαι
3227 1937 3648 2008 συστραφέντες,

410 2021 588 2078 hallos
646 2026 1090 2084 conscenderunt
1156 2018 1335 2099 :"qui
1410 2030 1569 2100 equis
1630 2029 1846 2100 spoliati
1907 2029 1978 2083 ad

2087 2035 2322 2088 ἐναντίον
2348 2035 2448 2104 μὲν
2479 2033 2584 2088 οὐκ
2618 2032 2859 2104 ἐχώρουν
2904 2029 3212 2101 Τριϐαλῶν,
3256 2029 3373 2082 ἀλλ’
3427 2029 3646 2097 ἐκπερι-

410 2113 613 2169 cmdem
647 2120 944 2186 Opportuui
974 2129 1153 2184 erant,
1183 2120 1615 2191 cecideruntque
1644 2121 1977 2190 complures,

2087 2125 2332 2189 ελθόντες
2362 2124 2724 2195 ἑκατέρωθεν,
2760 2123 2915 2176 ἔθεον
2946 2122 3039 2176 ἐπὶ
3069 2122 3198 2185 τοὺς
3233 2121 3437 2182 ῖππους
3461 2135 3476 2151 ο
3528 2119 3648 2172 ἀνο-

412 2219 514 2258 ncc
542 2210 699 2274 pauci
729 2209 870 2278 capti
901 2219 1050 2276 sunt,
1080 2211 1279 2280 reliqui
1313 2227 1411 2281 per
1439 2220 1680 2267 montem
1714 2211 1824 2268 huc
1849 2213 1980 2269 illuc

2087 2219 2207 2272 πλοι
2237 2218 2294 2272 δὲ
2326 2218 2423 2272 καὶ
2477 2210 2670 2286 κυῦφοι
2727 2217 2905 2281 ὄντες,
2940 2216 3254 2284 φθάσαντες
3301 2214 3430 2274 τοὺς
3455 2210 3652 2283 Τριϐα-

413 2295 708 2366 fugientes,
739 2317 884 2370 aegre
931 2318 991 2359 se
1043 2305 1206 2359 morti
1250 2303 1656 2360 subduxerunt.
1687 2303 1874 2361 Crales
1912 2304 1981 2359 de

2087 2309 2230 2374 λοὺς,
2277 2309 2595 2378 έκράτησαν
2624 2308 2734 2361 τῶν
2765 2307 2971 2374 ῖππων,
3005 2308 3098 2361 καὶ
3130 2305 3414 2374 ἐπέϐησαν
3457 2303 3612 2357 αὐτοί
3632 2317 3648 2332 ο

413 2404 640 2446 suorum
698 2392 852 2449 clade
904 2404 1132 2464 accepto
1172 2396 1389 2461 nuntio,
1426 2397 1592 2452 etiam
1625 2396 1753 2465 :ipse
1798 2410 1981 2452 reces-

2087 2400 2351 2472 Tpt6a).o‘t
2387 2400 2445 2454 δὲ
2480 2401 2592 2456 τῶν
2636 2399 2821 2455 ἵππων
2850 2399 3228 2472 ἀφῃρημένων
3261 2397 3472 2466 ἕτοιμοι
3512 2389 3653 2464 ἦσαν

413 2483 506 2547 sit,
546 2496 770 2556 propter
796 2488 1188 2554 calamitatem,
1222 2488 1350 2545 belli
1385 2489 1438 2543 in
1464 2489 1850 2559 imperatorem
1883 2491 1981 2544 im-

2087 2494 2226 2562 πρδς
2254 2493 2495 2561 σφαγήν.
2532 2491 2770 2545 Ἐπεσον
2807 2490 2918 2561 γὰρ
2958 2490 3008 2543 ol
3041 2489 3266 2550 πλείους
3317 2487 3652 2556 κτεινόμενοι

413 2593 661 2656 memor.
708 2581 826 2636 Non
877 2593 1057 2636 tamen
1109 2598 1225 2636 rem
1274 2585 1495 2652 penitus
1529 2585 1857 2656 negligebat,
1887 2583 1981 2640 sed

2087 2587 2194 2640 ὑπὸ
2212 2585 2322 2640 τῶν
2359 2585 2607 2657 Περσῶν,
2640 2584 2888 2640 ὲάλωσάν
2917 2600 2976 2638 τε
3011 2585 3113 2638 οὐκ
3134 2583 3307 2652 ὀλίγοι
3331 2598 3346 2613 ο
3383 2584 3433 2636 ei
3477 2580 3651 2634 λοιποὶ

413 2681 470 2727 ct
498 2672 644 2728 demi
693 2672 896 2730 sedens
940 2674 1344 2730 bellaturiebat.
1387 2677 1569 2732 Persae
1620 2679 1861 2733 victores
1915 2677 1981 2732 ad

2087 2679 2141 2734 δὲ
2173 2679 2326 2750 μόλις
2355 2678 2692 2748 διεσώθησαν
2728 2677 2886 2742 πεζοὶ
2934 2678 3028 2732 ἐπὶ
3079 2677 3144 2730 τὸ
3195 2676 3321 2745 ὅρος
3365 2673 3652 2729 διασκεδα-

412 2763 855 2820 (ιαιιιιιουῑειιιιηι
909 2764 1341 2836 Gratianopolim
1383 2767 1724 2824 obsidentem
1777 2770 1981 2840 legatos

2091 2771 2330 2836 σθέντες.
2389 2771 2614 2843 Κράλης
2665 2770 2722 2823 δὲ
2778 2771 2902 2825 ἐπεὶ
2934 2769 3168 2824 ἐπύθετο
3208 2767 3309 2839 τὴν
3353 2762 3527 2838 ἧτταν
3554 2765 3652 2834 τῆς

413 2857 659 2920 mittunt,
696 2873 864 2916 naves
889 2873 1018 2914 suas
1045 2857 1432 2922 inﬂammatas.
1466 2870 1522 2918 et
1546 2860 1817 2917 Triballos
1842 2862 1910 2918 ab
1928 2877 1981 2920 se

2087 2864 2292 2928 οἰκείας
2322 2864 2606 2934 στρατιᾶς,
2650 2863 2852 2926 δείσας,
2897 2861 3165 2933 ἀνεχώρει
3213 2863 3310 2915 καὶ
3337 2862 3526 2926 αὐτὸς,
3558 2859 3652 2914 τοῦ

412 2949 594 3004 victos
623 2949 889 3017 iudicant,
941 2961 996 3008 et
1029 2967 1088 3008 se
1137 2952 1282 3009 illius
1323 2952 1554 3023 cupidos
1584 2952 1981 3010 Cherronesum

2089 2954 2229 3024 πρὸς
2257 2953 2485 3025 βασιλέα
2522 2952 2760 3022 πολέμου
2791 2952 3218 3025 ἐπιλελησμένος
3246 2951 3338 3006 διά
3365 2952 3466 3021 τὴν
3509 2967 3650 3019 συμ-

412 3049 620 3110 petere,
659 3050 716 3098 ut
749 3041 876 3098 inde
905 3041 961 3098 in
989 3042 1176 3098 Asiam
1206 3043 1486 3114 navigem.
1517 3044 1691 3100 Orant
1721 3045 1888 3100 etiam
1919 3061 1981 3102 ne

2091 3049 2266 3102 ϐᾶσαν
2305 3047 2614 3116 συμφοράν.
2645 3046 2718 3100 Ού
2753 3046 2861 3116 μὴν
2894 3043 3091 3115 ἡμέλει
3118 3059 3202 3111 γε,
3233 3041 3374 3095 ἀλλὰ
3400 3040 3496 3094 καὶ
3519 3039 3656 3092 olm

413 3131 544 3200 quid
577 3132 681 3188 sibi
721 3148 818 3202 per
854 3135 975 3203 ejus
1011 3135 1296 3204 regionem
1323 3135 1685 3192 ambulaturis
1710 3137 1988 3194 moleStia-

414 3240 537 3278 rum
575 3225 924 3283 esttibeatur.
957 3227 1135 3294 ‘Quod
1179 3229 1225 3283 sl
1278 3228 1412 3300 quid
1477 3229 1613 3302 ipsis
1643 3239 1835 3286 contra
1879 3231 1984 3287 ho-

2093 3141 2402 3210 καθήμενος
2429 3137 2709 3208 ἐπολέμει.
2751 3137 2815 3190 Ol
2860 3136 3071 3206 Πέρσαι
3099 3135 3157 3188 δὲ
3192 3135 3332 3203 μετά
3367 3134 3466 3200 τὴν
3500 3132 3651 3201 νίκην

2091 3232 2386 3300 πυθόμενοι
2415 3228 2877 3298 Καντακουζηνὸν
2901 3228 2992 3280 τὸν
3021 3226 3248 3297 βασιλέα
3279 3225 3380 3295 τὴν
3425 3224 3652 3294 Γρατια-

2014 3181 2058 3242 C

413 3325 529 3372 stes
588 3327 775 3387 egeret
804 3359 820 3383 ,
862 3319 1184 3390 promittere
1243 3335 1303 3375 se
1356 3331 1664 3391 promptam
1720 3337 1964 3393 operam,

414 3407 461 3461 si
519 3407 796 3476 stipendia
849 3418 1004 3478 pacta
1070 3418 1432 3465 numerentur
1479 3427 1494 3466 :
1571 3420 1730 3467 erant
1798 3422 1982 3469 autem

415 3507 500 3552 ter
554 3498 701 3552 mille
744 3509 801 3553 et
856 3510 1100 3555 centum.
1164 3501 1483 3571 imperatori
1539 3502 1845 3558 subsidium
1881 3504 1985 3560 hoc

417 3600 683 3654 perquam
752 3599 1163 3659 Opportunum,
1213 3606 1674 3662 summoperequ
1733 3607 1986 3650 necessa-

418 3678 559 3732 rium
586 3679 782 3745 videri,
820 3695 944 3736 cum
979 3682 1166 3739 hostes
1191 3692 1297 3758 tam
1326 3684 1504 3746 multi,
1533 3693 1754 3755 tamque
1788 3693 1984 3754 poten-

419 3792 502 3839 ως
532 3774 950 3831 incumberent:
980 3776 1224 3832 nondum
1250 3777 1400 3830 enim
1426 3776 1615 3832 Crales
1636 3777 1855 3833 Ziehnis
1889 3778 1987 3833 do-

369 3932 388 3960 ,
419 3886 568 3927 mum
601 3870 950 3924 discesserat.
1005 3867 1247 3922 Pecunia.
1267 3875 1448 3923 autem
1484 3883 1594 3923 non
1634 3879 1982 3940 suppetente,

417 3963 562 4018 haud
620 3958 1247 4031 parum-cruciabatur.
1317 3958 1572 4014 Attamen
1631 3959 1847 4014 donatis
1907 3961 1980 4014 le.

418 4054 558 4125 gatis
590 4066 688 4107 eos
717 4049 965 4113 adduxit,
999 4058 1062 4103 ut
1099 4049 1155 4104 in
1201 4049 1537 4121 stipendium
1570 4060 1782 4106 certum
1825 4065 1986 4106 exer-

415 4150 559 4200 citus
630 4143 779 4198 illius
843 4137 1226 4194 commilitium
1299 4155 1512 4199 secum.
1549 4141 1983 4211 Paciscerentur,

420 4251 596 4307 usque
623 4235 690 4290 ad
737 4235 856 4289 dies
896 4232 1278 4303 quadraginta.
1331 4231 1486 4300 Quod
1517 4249 1585 4288 ne
1615 4233 1801 4288 statim
1830 4243 1984 4304 pete-

419 4338 563 4394 rent,
596 4329 692 4384 sed
721 4337 843 4397 post
869 4327 1048 4381 lucem
1085 4325 1355 4380 decimam
1389 4325 1661 4396 quintam,
1687 4341 1754 4380 ex
1779 4341 1889 4397 quo
1917 4327 1984 4382 ad

417 4439 479 4480 se
506 4421 866 4478 accessissent
895 4434 910 4472 :
939 4416 1157 4471 volebat
1190 4417 1338 4472 enim
1366 4417 1571 4472 interea
1597 4417 1985 4488 Didymoticlio

2091 3323 2184 3376 νοῦ
2219 3323 2550 3392 πολιορκεῖν,
2581 3321 2881 3392 πρεσϐείαν
2934 3319 3272 3389 πέμψαντες,
3317 3318 3410 3370 τόν
3448 3333 3509 3370 τε
3554 3317 3651 3385 ἑμ-

2093 3415 2347 3484 πρησμὸν
2375 3413 2485 3466 τῶν
2515 3412 2651 3466 νεῶν
2681 3412 2904 3482 ἐδήλουν
2933 3411 3044 3466 τῶν
3081 3410 3384 3479 σφετέρων,
3429 3409 3525 3462 καὶ
3560 3407 3654 3474 τὴν

2089 3502 2266 3576 ἧτταν
2316 3504 2621 3574 Τριϐαλῶν,
2652 3502 2747 3558 καὶ
2775 3502 2851 3566 ὡς
2883 3503 3039 3557 αὐτοὶ
3095 3500 3290 3572 φιλίως
3321 3499 3654 3568 διακείμενοι

2093 3594 2230 3665 πρὸς
2269 3593 2454 3658 αὐτὸν,
2490 3594 2584 3646 ἐπὶ
2627 3593 2975 3663 Χερρόνησον
3005 3589 3279 3659 ἐγνώκασι
3325 3590 3547 3659 χωρεῖν,
3588 3585 3654 3639 ῖν⁹

2093 3687 2304 3740 ἐκεῖθεν
2335 3685 2721 3758 περαιωθῶσιν
2770 3686 2850 3748 είς
2897 3683 3119 3738 Ἀσίαν·
3155 3684 3347 3754 ἠξίουν
3391 3699 3451 3734 τε
3491 3679 3654 3751 μηδὲν

2095 3781 2278 3841 αὐτοῖς
2308 3777 2662 3850 παρενρχλεῖν
2685 3777 2938 3847 μέλλουσι
2959 3776 3045 3831 διὰ
3070 3776 3168 3845 τῆς
3190 3776 3387 3844 ἐκείνῳ
3415 3771 3652 3844 ὖπηκόου

2032 3927 2040 3935 ,
2093 3870 2308 3925 διιέναι.
2343 3871 2403 3924 El
2429 3870 2484 3923 δέ
2526 3887 2582 3923 τι
2624 3869 2801 3924 δέοιτο
2833 3867 3012 3922 αὐτῶν
3055 3866 3198 3921 κστά
3229 3867 3340 3920 τῶν
3385 3863 3651 3933 πολεμίων

2095 3961 2408 4033 προθύμους
2464 3958 2604 4016 εἶναι
2663 3963 2995 4031 συμμαχεῖν,
3064 3961 3411 4030 είςχρήματα
3481 3956 3654 4027 παρά-

2096 4055 2426 4124 σχοιτοηῆσα
2463 4054 2531 4106 ἂν
2583 4051 2866 4121 συμϐῶσιν
2888 4067 2904 4085 ⁸
2938 4047 3081 4122 ἦσαν
3130 4051 3188 4105 δὲ
3231 4049 3527 4121 τρισχίλιοι
3561 4049 3650 4101 καὶ

2094 4145 2312 4200 ἑκατόν.
2343 4144 2562 4198 Βασιλεῖ
2583 4145 2685 4214 μὲν
2715 4139 2809 4199 οὖν
2855 4143 3029 4196 ἐδόκει
3060 4143 3471 4211 ἀναγκαιοτάτη
3521 4139 3651 4195 εἶναι

2095 4239 2249 4308 ἠτῆς
2279 4237 2555 4307 Περσικῆς
2603 4235 2890 4306 συμμαχία
2936 4236 3220 4306 στρατιᾶς,
3274 4236 3372 4287 καὶ
3424 4234 3650 4304 μάλιστα

2094 4332 2185 4383 ἐπὶ
2220 4328 2410 4400 καιρὸν
2441 4325 2808 4396 γεγενημένη,
2847 4326 3119 4380 τοσούτων
3164 4325 3446 4394 πολεμίως
3485 4323 3651 4377 ἐπιόν-

2093 4437 2201 4474 των
2231 4419 2496 4475 πάντοθεν
2535 4421 2628 4472 καὶ
2671 4415 2816 4471 ο⁶ύτω
2841 4417 3086 4471 δυνατῶν
3109 4431 3125 4450 ο
3163 4407 3384 4470 οὐδέπω
3408 4417 3514 4486 γάρ
3542 4417 3654 4488 ﬁdet

417 4527 613 4569 curare
646 4509 956 4579 pecuniam.
1018 4507 1109 4562 Sic
1143 4508 1312 4577 igitur
1343 4522 1470 4563 cum
1502 4496 1981 4578 legatis‘pactione

2098 4509 2324 4580 Κρὰλην
2349 4508 2484 4578 πρὸς
2501 4508 2601 4577 τὴν
2620 4507 2830 4562 οἰκείαν
2853 4509 2910 4559 ἐν
2933 4505 3141 4577 Ζιχνῶν
3165 4507 3646 4578 άνακεχωρηκότα³

345 4647 350 4680 ε
419 4603 696 4667 conlecta,
724 4615 824 4656 eos
857 4600 922 4653 ad
957 4608 1138 4655 castra
1169 4599 1403 4666 remisit,
1448 4615 1685 4671 cumque
1717 4602 1785 4656 iis
1817 4619 1986 4659 unum

415 4689 487 4750 de
541 4695 695 4760 suis,
764 4693 857 4763 qui
900 4692 1038 4757 ,illas
1101 4691 1288 4761 cepias
1351 4693 1608 4748 celeriter
1666 4693 1985 4752 adduceret.

419 4787 692 4848 Posuidie
750 4787 802 4840 in
851 4800 978 4840 arce
1032 4784 1539 4854 Gratianolmlitana
1598 4786 1768 4840 vineti
1801 4825 1816 4849 ,
1891 4801 1989 4842 cu-

419 4879 674 4935 stodibus
731 4863 962 4933 méridie
1025 4875 1235 4946 impetu
1298 4874 1442 4931 facto
1504 4875 1811 4947 iugulatis,
1885 4877 1990 4931 im-

421 4979 730 5036 peratorem
797 4967 929 5020 fumi
1001 4967 1156 5034 signo
1230 4979 1294 5018 ex
1347 4965 1652 5034 composito
1691 4966 1984 5028 advocant.

419 5073 529 5130 quo
560 5059 676 5113 viso
699 5057 988 5113 confestim
1029 5072 1152 5108 cum
1193 5056 1396 5109 auxilio
1449 5072 1772 5123 accurrens,
1805 5072 1984 5113 arcem

424 5164 702 5236 "ﬁamque
750 5150 942 5204 urbem
998 5149 1166 5217 capit,
1212 5158 1268 5203 et
1319 5160 1518 5204 caetera
1577 5150 1792 5205 laatatus
1841 5151 1987 5221 quod

423 5248 616 5299 urbem
673 5255 779 5297 tatu
830 5242 1115 5315 pulchram
1177 5242 1327 5295 nullo
1391 5241 1578 5296 labore
1631 5242 1988 5314 periculoque

423 5338 796 5401 obtinuisset,
853 5335 1018 5390 etiam
1095 5333 1353 5402 grandem
1424 5334 1765 5403 pecuniam,
1823 5350 1989 5403 quam

423 5429 656 5482 martium
715 5425 1019 5496 indigebat,
1059 5425 1288 5480 invenit.
1344 5426 1657 5494 Angelitzcs
1685 5426 1831 5479 cnim
1863 5426 1989 5494 qui-

419 5521 570 5582 dant,
629 5519 879 5590 abiectus
935 5528 989 5572 ct
1040 5517 1308 5572 obscurus
1346 5517 1505 5580 ciris,
1542 5524 1702 5572 antea
1743 5517 1984 5570 thesauri

422 5612 621 5680 reperti
681 5610 991 5680 suspicione
1053 5611 1370 5674 laborabat,
1429 5611 1564 5674 cui,
1630 5625 1687 5663 rc
1744 5609 1990 5664 nondum

425 5714 595 5760 certa.
633 5705 908 5771 nrgutium
937 5717 1097 5758 nemo
1137 5702 1456 5757 lacessebat.
1486 5704 1552 5756 At
1583 5717 1711 5756 vero
1745 5711 1988 5768 tempore

425 5793 587 5868 huius
620 5795 745 5848 saevi
776 5794 902 5850 belli
940 5796 1106 5850 rebus
1133 5795 1384 5850 omnibus
1413 5798 1466 5850 in
1499 5797 1835 5852 contrarium
1871 5811 1985 5850 mu-

2095 4601 2394 4672 χρημάτων
2448 4599 2504 4652 δὲ
2538 4599 2640 4652 οὐκ
2693 4597 2964 4668 εὐπορῶν,
3009 4597 3071 4650 ού
3133 4597 3376 4666 μετρίως
3431 4596 3644 4666 ἠνιᾶτο.

2092 4691 2241 4759 ὅμως
2268 4686 2380 4751 τοῖς
2407 4685 2804 4758 πρεσϐεύσουσι
2825 4685 2975 4756 ϐὦρα
2998 4701 3446 4755 παρασχομενος,
3473 4684 3645 4738 lautae

2093 4779 2385 4834 συνθέσθαι
2419 4780 2512 4833 ὲπὶ
2541 4779 2788 4849 χρήμασι
2830 4779 3014 4848 ῥητοῖς
3051 4778 3360 4848 συμμαχεῖν
3391 4775 3542 4846 αύτῷ
3556 4774 3646 4844 τὴν

2094 4873 2352 4942 στρατιὰν
2391 4871 2603 4941 ἡμέρας
2638 4869 3068 4940 τεσσαράκοντα,
3104 4870 3174 4922 τὰ
3206 4869 3467 4938 χρήματα
3495 4867 3547 4920 δὲ
3576 4864 3642 4935 μὴ

2091 4963 2290 5018 αύτίκα
2337 4962 2615 5028 ἀπαιτεῖν,
2643 4961 2782 5016 ἀλλά
2835 4961 2976 5031 μετά
3023 4960 3521 5030 πεντεκαιδεκάτην
3555 4961 3643 5023 τῆς

2095 5058 2334 5128 ἀφίξεως
2361 5059 2612 5128 ἡμέραν·
2642 5057 2868 5126 γνώμην
2894 5055 2952 5108 δὲ
2984 5050 3128 5123 εῖχεν
3154 5054 3229 5116 ὡς
3259 5054 3316 5106 ἐν
3348 5054 3564 5115 ταύταις
3587 5055 3642 5105 ἐκ

2093 5150 2476 5219 Διδυμοτείχου
2516 5148 3032 5217 μεταπεμψάμενος.
3063 5145 3221 5199 Οὕτω
3263 5146 3365 5216 μὲν
3395 5145 3490 5199 οὖν
3516 5143 3642 5215 μετὰ

2090 5243 2202 5295 τῶν
2246 5240 2531 5310 πρέσϐεων
2576 5238 2876 5305 συμϐάσεις
2906 5237 3152 5306 θέμενος,
3187 5237 3438 5307 ἔπεμπεν
3467 5239 3544 5300 είς
3586 5252 3640 5290 το

2093 5331 2459 5404 στρατόπεδον
2511 5331 2608 5384 καὶ
2657 5330 2769 5383 τῶν
2817 5329 3034 5384 οἰκείων
3094 5330 3484 5398 συνεκπέμψας
3533 5328 3639 5392 ενα,

2091 5425 2231 5480 ὥστε
2269 5423 2410 5478 κατά
2438 5424 2602 5494 τάχος
2631 5423 2859 5490 ἀγαγεῖν
2883 5421 3019 5492 πρὸς
3049 5420 3213 5475 αὐτὸν
3237 5418 3335 5489 τὴν
3359 5418 3607 5490 στρατιάν
3631 5437 3640 5445 ·

2092 5521 2172 5580 είς
2200 5517 2298 5588 τὴν
2349 5516 2642 5586 ὑστεραίαν
2674 5514 2730 5569 δὲ
2790 5513 2932 5583 μετὰ
2980 5513 3089 5565 τῶν
3125 5512 3412 5582 πρέσϐεων
3449 5509 3544 5582 τὴν
3581 5509 3641 5561 ὲκ

2095 5610 2359 5680 βασιλέως
2389 5608 2736 5680 ἀναχώρησιν
2785 5608 2833 5660 οί
2864 5607 2922 5659 ὲν
2955 5605 3252 5674 ἀκροπόλει
3279 5606 3377 5673 τῆς
3418 5603 3636 5674 Γρατιαο

2095 5707 2188 5757 νοῦ
2218 5701 2492 5772 δεσμῶται
2527 5704 2638 5763 τοῖς
2675 5699 3008 5768 φυλάττουσι
3029 5696 3202 5766 μέσης
3231 5696 3440 5766 ἡμέρας
3466 5691 3644 5746 ἐπιθέ-

2099 5811 2247 5866 μενοι
2315 5798 2406 5846 καὶ
2447 5796 2820 5865 κρατήσαντες
2881 5789 3108 5844 ἐκάλουν
3166 5787 3392 5860 βασιλέα
3453 5780 3637 5839 καπνὸν
