3962 6578
147 373 164 386 “
221 373 357 436 i113

1342 380 1887 447 HISTORIABUM
1932 385 2162 468 LIBER
2212 387 2324 450 III.

3320 397 3457 464 liii

216 488 640 551 ἐπιδεικνύντες,
699 488 888 559 ὥσπερ
921 484 988 562 ἧν
1044 493 1474 563 συντεθειμένοι).
1517 495 1779 557 Βασιλεὺς

1881 497 2032 563 tatis,
2063 507 2117 567 et
2147 500 2501 568 eptirnatibus
2529 503 2748 573 quidem
2782 504 2985 576 ubique
3029 507 3224 578 pulsis,
3264 509 3319 566 in
3340 525 3460 569 car-

218 583 273 633 εὲ
306 583 426 634 ἐπεὶ
452 584 512 636 τὸ
537 583 788 652 σύνθημα
841 579 1004 648 εἶδεν,
1035 584 1203 649 ὀξέως
1236 586 1630 656 ἐπιϐοηθήσας,
1665 583 1776 640 εἷλε

214 675 315 742 τὴν
341 675 494 727 πόλιν
523 677 584 727 ὲκ
618 676 715 746 τῆς
747 675 921 746 ἀκρας
941 691 956 706 '
989 678 1083 730 καὶ
1110 677 1180 731 τά
1201 695 1260 730 τε
1282 678 1418 732 ἀλλα
1440 678 1606 749 mea,
1635 676 1779 732 οὓτω

216 766 373 819 πῖλιν
401 767 570 838 καλὴν
591 769 826 840 ἀπονητὶ
856 770 946 822 κού⁸
977 771 1146 841 χωρὶς
1179 771 1439 827 κινδύνων
1466 771 1776 842 κατασχὼν,

213 861 312 910 καὶ
341 861 640 929 χρημάτων
693 861 1006 933 εὐπόρησεν
1051 861 1153 916 οὐκ
1183 862 1400 930 ὀλίγων,
1427 856 1505 918 ὧν
1543 863 1781 933 μάλιστα

214 951 404 1004 ἐδεῖτο.
441 951 796 1023 Ἀγγελίτζης
817 953 924 1025 γάρ
949 972 1036 1020 τις
1063 955 1128 1009 ἐκ
1150 956 1260 1008 τῶν
1283 955 1505 1025 φαύλων
1530 960 1625 1012 καὶ
1649 957 1784 1024 ἀσή-

215 1059 336 1112 μων
363 1044 614 1109 πολιτῶν,
648 1045 916 1118 πρότερον
945 1047 1302 1102 ὑπωπτεύετο
1334 1047 1606 1120 θησαυρὸν
1643 1067 1784 1122 χρη-

215 1133 408 1202 μάτων
439 1137 730 1207 εὑρηκέναι
752 1153 767 1169 ο
800 1138 995 1210 ἀδήλου
1033 1140 1089 1193 δὲ
1126 1141 1278 1205 ὄντος
1307 1140 1402 1195 τοῦ
1436 1143 1782 1214 πράγματος,
1831 1149 1833 1156 “

212 1226 394 1288 οτιδεὶς
417 1226 682 1298 ἠνώχλει·
720 1229 860 1283 κατά
889 1230 946 1284 δὲ
972 1231 1064 1285 τὸν
1099 1231 1290 1302 χρόνον
1323 1234 1516 1288 τούτου
1551 1235 1644 1288 τοῦ
1677 1235 1786 1289 δει-

213 1314 308 1366 νοῦ
341 1317 598 1386 πολέμου,
635 1319 715 1384 είς
754 1320 1065 1376 τούναντίον
1107 1323 1254 1378 ἅπαν
1291 1325 1399 1378 τῶν
1443 1326 1786 1397 πραγμάτων

212 1409 694 1478 πέριτραπέντων,
731 1412 824 1465 καὶ
851 1413 960 1466 τῶν
1012 1414 1112 1483 μὲν
1139 1414 1378 1485 ἀρίστων
1411 1416 1784 1488 ἐκϐληθέντων

211 1500 312 1552 καὶ
339 1501 675 1572 εἰργομένων
702 1504 1038 1574 ἁπανταχοῦ,
1086 1506 1365 1576 ἀρχόντων
1396 1509 1452 1561 δὲ
1492 1509 1601 1565 τῶν
1641 1511 1788 1581 φαύ-

209 1587 345 1649 λων,
375 1590 470 1641 καὶ
499 1590 619 1642 οὐδὲ
653 1590 879 1662 ἀμεινον
904 1593 1014 1646 τῶν
1041 1593 1252 1647 πολλῶν
1281 1595 1665 1667 διακειμένων,
1689 1602 1784 1654 καὶ

205 1683 234 1732 6
272 1681 629 1753 Ἀγγελίτζης
667 1677 821 1747 οὗτος
851 1685 1034 1756 ἄρχων
1058 1686 1360 1758 ἀπεδείχθη
1409 1689 1508 1758 τῆς
1552 1689 1784 1762 Γρατια-

205 1771 302 1822 νοῦ
331 1770 416 1836 διά
467 1771 528 1824 τὸ
577 1771 714 1841 πρὸς
743 1773 1198 1843 Καντακουζηνδν
1247 1777 1341 1829 τὸν
1381 1775 1604 1848 βασιλέα
1639 1780 1780 1845 ἔθος.

1876 601 2170 656 roremque
2215 589 2513 657 conjectis,
2571 592 2736 664 588
2789 597 3068 666 praefectis
3121 609 3302 655 autem
3357 601 3460 656 in:-

1879 675 2068 745 probis
2123 691 2187 733 ac
2234 677 2375 734 nihil
2428 696 2457 734 a
2506 683 2648 752 vulgi
2692 686 3008 742 conditione
3049 688 3452 763 differentibus,

1879 767 2044 822 etiam
2084 769 2392 840 An’gelitzes
2424 773 2525 828 iste
2554 775 2844 844 praefectus
2869 777 3292 852 Gratianopolis,
3326 797 3460 853 pro-
3518 789 3527 798 '

1880 867 2003 928 pter
2027 859 2216 914 odium
2249 863 2396 931 quod
2423 864 2479 919 in
2525 863 2967 924 Cantacuzenum
3001 872 3252 941 gerebat,
3307 875 3463 929 desio

1881 961 2076 1019 gnatus
2105 963 2207 1008 est.
2257 954 2397 1010 Tum
2453 958 2804 1013 occasionem
2831 971 3045 1028 nactus,
3097 963 3308 1019 divitiis
3341 965 3453 1021 suis

1884 1041 1964 1096 uti
1994 1043 2100 1097 frui
2136 1045 2322 1116 coepit,
2355 1054 2410 1100 et
2459 1049 2606 1118 quod
2643 1050 2796 1120 prius
2831 1053 3200 1122 suspiciosum
3237 1063 3356 1110 erat
3385 1051 3458 1112 de

1884 1133 2164 1200 thesauro,
2214 1145 2342 1193 tunc
2373 1137 2530 1209 plane
2566 1157 2761 1196 verum
2807 1144 3084 1214 apparuit.
3121 1145 3457 1217 lmperatore

1883 1234 2064 1281 autem
2115 1226 2251 1283 urbe
2281 1230 2478 1300 potito.
2531 1231 2659 1302 quia
2707 1249 2822 1288 rem
2871 1235 3008 1291 adeo
3031 1237 3144 1305 jam
3179 1238 3456 1308 vulgatam

1884 1331 2080 1388 negare
2112 1335 2222 1375 non
2250 1321 2474 1388 licebat,
2515 1324 2714 1380 ablatis
2747 1327 3006 1383 omnibus
3023 1329 3196 1399 cepiis
3225 1331 3342 1402 ejus
3372 1330 3461 1385 ία-

1885 1409 2219 1478 miliaribus,
2245 1411 2424 1482 iisque
2459 1429 2570 1470 non
2619 1416 2875 1481 modicis,
2904 1417 3131 1488 insuper
3165 1419 3232 1474 de
3267 1421 3460 1476 oceul-r

1888 1510 1999 1555 tata
2038 1503 2270 1570 pecunia
2305 1505 2670 1573 examinatus,
2723 1522 2841 1561 eam
2884 1519 2938 1563 et
2969 1510 3199 1562 multam
3229 1511 3448 1580 quidem

1889 1600 2116 1668 protulit
2148 1618 2162 1654 :
2199 1615 2320 1671 quae
2358 1600 2698 1670 imperatori,
2739 1609 2852 1654 tum
2901 1601 2968 1656 ad
3017 1601 3150 1656 alias
3180 1600 3457 1672 impensas

1890 1690 2255 1755 necessarias,
2299 1701 2414 1745 tum
2448 1691 2514 1745 nd
2564 1692 2827 1747 solvenda
2854 1693 3036 1748 Persis
3067 1692 3333 1762 promissa
3361 1689 3452 1746 sti.

1891 1779 2088 1846 penclia
2117 1779 2362 1836 suﬂ‘ecit.
2393 1779 2507 1836 Sub
2541 1782 2684 1836 idem
2717 1791 2932 1851 tempus
2965 1784 3258 1853 episcopus
3291 1781 3454 1851 Didy—

205 1865 422 1936 Καιροῦ
449 1865 504 1919 δὲ
533 1866 733 1935 τυχὼν,
767 1867 966 1938 ἐχρῆτο
1011 1867 1089 1934 τῷ
1139 1869 1375 1942 πλούτῳ,
1417 1875 1510 1927 καὶ
1549 1879 1779 1946 φανερδς

1889 1869 2249 1926 motichensis
2315 1872 2554 1926 animam
2609 1873 2812 1937 amisit,
2867 1883 2924 1928 et
2969 1875 3059 1928 die
3109 1852 3302 1943 quinto
3332 1875 3454 1943 pos!

203 1955 275 2028 ἦν
317 1957 477 2027 ἔχων,
515 1956 705 2029 ὥσπερ
734 1959 1089 2014 ὑπωπτεύετο
1124 1963 1216 2016 τὸν
1257 1965 1556 2038 θησαυρόν.
1606 1971 1786 2024 Κατα-

206 2053 436 2120 σχόντος
461 2051 516 2104 δὲ
547 2052 644 2130 τὴν
671 2053 829 2105 πόλιν
855 2052 1143 2122 βασιλέως,
1177 2056 1298 2108 ἐπεὶ
1334 2056 1408 2128 μὴ
1449 2059 1578 2123 ἐξῆν
1607 2061 1788 2132 ἀρνεῖ-

205 2145 362 2210 σθαι,
405 2143 498 2196 τοῦ
542 2143 874 2214 πράγματος
921 2143 1065 2199 οὕτω
1097 2148 1336 2217 φανεροῦ
1382 2155 1781 2222 γεγενημένου,

208 2235 354 2302 μετά
386 2236 446 2288 τδ
474 2238 653 2288 πάντα
678 2237 777 2288 ὅσα
805 2231 873 2307 ἦν
905 2237 961 2288 ὲν
991 2239 1054 2307 τῇ
1083 2237 1230 2312 οἰκία
1261 2239 1628 2312 ἀφαιρεθῆναι
1653 2245 1782 2299 ὖντα

203 2328 310 2380 οὐκ
333 2327 514 2394 ὀλίγα,
549 2328 642 2380 καὶ
671 2329 797 2398 περὶ
827 2327 936 2381 τῶν
961 2311 1357 2400 κρυπτομένων
1376 2311 1665 2402 ὴρευνᾶτο.
1691 2340 1785 2390 καὶ

206 2418 524 2487 παρέσχετο
557 2418 750 2472 πολλά.
789 2419 855 2472 Ἀ
891 2419 1158 2492 ἐξήρκεσε
1195 2421 1407 2491 βασιλεῖ
1439 2427 1575 2495 πρός
1602 2445 1662 2481 τε
1687 2429 1781 2482 άλ-

203 2509 308 2574 λας
339 2511 587 2573 δαπάνας
619 2512 945 2578 ἀναγκαίας,
980 2514 1074 2566 καὶ
1121 2514 1258 2585 πρὸς
1297 2517 1358 2569 τὸ
1391 2518 1632 2588 Πέρσαις
1670 2526 1783 2583 τοῖς

207 2603 528 2672 συμμάχοις
563 2603 858 2657 ἀποδοῦναι
906 2603 966 2656 ὃν
1003 2605 1274 2675 ὑπέσχετο
1307 2609 1520 2677 μισθόν.
1561 2609 1697 2664 Ὑπὸ
1727 2613 1782 2666 δὲ

203 2695 303 2748 τὸν
361 2695 553 2765 χρόνον
587 2695 798 2761 τοῦτον,
831 2695 926 2748 καὶ
975 2697 1002 2750 6
1049 2699 1435 2769 Διδυμοτείχου
1499 2702 1782 2774 ἐτεθνήκει

203 2785 527 2857 ἀρχιερεύς.
563 2786 796 2858 Πέμπτῃ
822 2786 878 2839 δὲ
908 2787 1094 2857 ἡμέρα
1125 2790 1265 2859 μετὰ
1302 2790 1403 2860 τὴν
1451 2793 1660 2846 ἐκείνου
1689 2812 1780 2847 τε-

201 2884 431 2952 λευτὴν,
466 2885 560 2940 καὶ
588 2882 803 2952 Γραεάς
830 2885 858 2936 6
906 2884 1233 2955 Σκουτέριος
1263 2886 1565 2956 ἐτεθνήκει,
1594 2887 1780 2958 ὥσπερ

201 2973 276 3049 ἦν
302 2977 330 3028 6
369 2978 659 3048 ἀρχιερεὺς
683 2974 1057 3048 προειρηκὼς,
1091 2977 1119 3030 ὂ
1149 2977 1387 3046 μάλιστα
1418 2980 1656 3048 ἐλύπησε
1689 2981 1781 3032 τὸν

203 3067 467 3138 βασ;λέα.
491 3064 599 3121 Ἦν
633 3069 741 3138 γὰρ
774 3069 903 3138 περὶ
930 3069 1139 3121 ἐκεῖνον
1161 3067 1363 3139 πολλὴν
1396 3069 1494 3141 τὴν
1525 3071 1659 3124 αἰδῶ
1685 3071 1778 3124 καὶ

201 3162 269 3212 τὸ
304 3159 467 3222 σέϐας
504 3161 866 3227 κεκτημένος.
906 3158 1252 3229 Ἀλέξανδρος
1282 3159 1340 3214 δὲ
1388 3163 1416 3213 6
1449 3161 1655 3216 Μυσῶν
1683 3161 1776 3233 βας

202 3251 417 3316 σιλεὺς,
438 3252 559 3304 ἐπεὶ
579 3252 626 3306 oi
655 3250 1106 3319 Καντακουζηνοῦ
1123 3249 1216 3303 τοῦ
1239 3249 1506 3322 βασιλέως
1521 3253 1775 3325 πρέσϐεις

197 3341 346 3416 ⁴ἧκον
377 3342 512 3414 πρὸς
539 3342 720 3405 αὐτὸν,
752 3344 846 3394 καὶ
870 3341 1212 3412 ἀπήγγελλον
1234 3342 1304 3395 τά
1327 3344 1424 3412 τῆς
1446 3339 1554 3415 ’πρε
1565 3343 1786 3412 σ6είας,’

198 3436 371 3504 λόγον
427 3437 525 3506 μὲν
555 3435 742 3490 οὐδένα
789 3436 1084 3507 ἐποιήσατο
1148 3436 1288 3503 πρὸς
1346 3438 1414 3490 τΞι
1467 3438 1771 3508 εἰρημέναο

199 3527 473 3598 στρατιὰν
504 3527 562 3581 δὲ
605 3527 768 3597 ἔχων,
801 3523 963 3599 ἦλθεν
1001 3528 1126 3599 ἄχρι
1158 3529 1406 3600 Μόῤῥας,
1435 3531 1508 3582 τα
1538 3531 1656 3583 ἐκεῖ
1682 3547 1776 3584 πο-

193 3617 416 3686 λίχνια,
470 3617 520 3668 εί
564 3615 800 3677 δύναιτο,
843 3618 1331 3688 παραστησόμενος
1385 3619 1604 3688 ὑπήκοα
1641 3621 1773 3672 δντα

189 3706 443 3778 βασιλεῖ.
476 3707 572 3762 Ἕν
600 3705 655 3760 δὲ
682 3705 860 3760 αὐτῶν
887 3706 1331 3778 Ὕπερπυράκιον
1360 3707 1769 3778 ὠνομασμένον,

194 3799 303 3851 καὶ
349 3796 481 3867 πρὶν
509 3799 717 3848 ἐκεῖνον
746 3797 924 3867 ἥκειν,
973 3797 1212 3867 ἄρχοντα
1247 3797 1584 3861 είσεδέξαντο
1631 3815 1774 3869 πεμ-

194 3889 412 3955 φθέντα
439 3887 590 3957 παρά
616 3887 987 3960 ⁹Δ).εξά,δρου,
1023 3887 1248 3958 ἔμελλον
1270 3889 1325 3940 δὲ
1355 3890 1448 3942 καὶ
1487 3891 1732 3960 φρουράν
1755 3906 1770 3922 ο

190 3980 230 4035 ει
265 3980 422 4049 παρά
452 3979 559 4034 τῶν
607 3978 892 4050 πρέσϐεων
929 3977 1117 4050 μαθὼν
1147 3979 1174 4032 6
1213 3978 1490 4052 βασιλεὺς,
1531 3981 1652 4036 ἐπεὶ
1678 3983 1774 4037 καὶ

191 4077 228 4146 ἡ
277 4073 507 4142 στρατιά
550 4073 732 4144 παρῆν
767 4073 802 4142 ἡ
850 4073 1117 4144 Περσικὴ,
1151 4075 1246 4126 καὶ
1297 4075 1425 4143 περὶ
1457 4071 1549 4125 τοῦ
1581 4074 1772 4145 Κράλη

193 4167 562 4233 ἐπυνθάνετο,
590 4167 665 4230 ὡς
693 4165 1087 4237 ἀναστρέψειεν
1104 4167 1186 4231 είς
1212 4166 1310 4239 τὴν
1337 4167 1546 4221 οἰκείαν
1571 4168 1661 4220 διὰ
1676 4167 1773 4240 τὴν

193 4257 422 4326 πληγὴν
450 4257 548 4327 τῆς
581 4257 860 4328 στρατιᾶς,
890 4255 1126 4327 εὔθυμος
1155 4258 1471 4326 γενόμενος,
1503 4258 1597 4311 καὶ
1623 4259 1774 4311 Ματ-

193 4352 358 4404 θαῖον
389 4349 482 4402 τὸν
513 4348 628 4400 υίὸν
665 4349 906 4418 ἄρχοντα
951 4347 1050 4417 τῆς
1087 4363 1146 4399 τε
1183 4346 1486 4417 Γρατιανοῦ
1519 4348 1612 4399 καὶ
1663 4347 1772 4400 τῶν

189 4441 402 4506 ἄλλων,
429 4439 484 4494 αἳ
508 4441 736 4510 ὑπήκοοι
760 4434 902 4510 ἦσαν
921 4439 977 4490 ὲν
999 4441 1064 4510 τῇ
1091 4438 1405 4510 Χαλκηδικῇ
1427 4438 1769 4505 καταλιπὼν,

189 4537 278 4598 ὠς
304 4529 419 4604 εἶχε
447 4533 669 4602 τάχους,
697 4531 831 4601 πρὸς
863 4533 1089 4602 Μύρραν
1119 4533 1211 4585 ἐπὶ
1236 4532 1359 4595 τοὺς
1389 4532 1610 4595 Μυσοὺς
1640 4533 1774 4602 ὲχὼ-
1807 4566 1847 4620 D

194 4645 315 4698 ρει.
347 4626 680 4695 Δίσθόμενος
712 4623 770 4678 δὲ
814 4624 1180 4694 Ἀλέξανδρος,
1215 4625 1340 4677 ἐπεὶ
1376 4623 1452 4694 μὴ
1486 4623 1771 4678 ἀντικαθί-

191 4717 441 4773 στασθαι
471 4716 698 4788 ἠδύνατο
757 4715 895 4786 πρὸς
948 4718 1151 4786 μάχην,
1188 4715 1394 4787 σπουδῇ
1448 4717 1618 4787 πολλῇ
1661 4715 1773 4769 διέ-

189 4816 356 4866 ϐαινε
411 4799 505 4862 τὸν
554 4809 759 4878 Ἕϐρον
801 4807 1053 4870 ἀτάκτως
1107 4806 1202 4860 καὶ
1253 4806 1622 4876 πεφυρμένος,
1681 4807 1774 4860 καὶ

188 4901 694 4974 ἐστρατοπεδεύετο
724 4902 860 4966 ἐκεῖ,
896 4899 970 4961 ὡς
1001 4898 1096 4952 τοῦ
1139 4897 1390 4970 ποταμοῦ
1430 4897 1772 4962 κωλύσοντος

189 4996 429 5069 βασιλέα
493 4995 572 5064 μὴ
632 4991 1040 5064 συμπλέκεσθαι
1088 4992 1291 5054 αὐτοῖς.
1353 4990 1660 5044 Ἀπώλοντο
1713 4990 1770 5044 δὲ

1887 1957 2086 2013 Glabas
2116 1959 2427 2022 Scuterius,
2456 1970 2516 2015 ut
2549 1963 2638 2017 ille
2669 1963 3018 2033 praedixerat.
3047 1964 3123 2019 Ex
3155 1964 3309 2019 obitu
3336 1964 3456 2035 epi-

1887 2051 2039 2121 scopi
2075 2051 2373 2120 imperator
2409 2069 2664 2123 magnum
2712 2055 2895 2109 animo
2931 2053 3175 2108 dolorem
3221 2053 3455 2124 accepit,

1886 2142 2185 2212 plurimum
2235 2143 2382 2198 enim
2435 2143 2611 2200 virum
2643 2144 3002 2200 reverebatur
3050 2155 3331 2202 et’sancte
3355 2160 3454 2201 vev

1888 2234 2204 2290 nerabatur.
2249 2236 2560 2293 Alexander
2598 2237 2891 2293 Moesorum
2931 2253 3049 2304 rex,
3085 2247 3164 2294 .ut
3203 2248 3456 2294 oratores

1884 2324 2248 2403 Canlaeuzeni
2275 2329 2406 2398 quid
2438 2329 2716 2384 venissent
2749 2339 3143 2397 exposuerunt,
3180 2331 3319 2385 nihil
3367 2345 3456 2384 re-

1885 2417 2152 2486 spondit:
2204 2433 2329 2473 cnm
2368 2419 2610 2474 exercitu
2642 2429 2824 2474 autem
2867 2419 3137 2474 Morrham
3169 2421 3448 2492 ingressus

1883 2519 1987 2570 est,
2043 2507 2299 2577 oppidula
2357 2509 2467 2564 illic
2515 2509 2828 2578 imperatori
2867 2510 3136 2580 subjecta,
3167 2509 3214 2564 si
3245 2519 3454 2580 posset,

1883 2600 2232 2654 subacturus.
2265 2599 2449 2656 Unum
2509 2615 2673 2670 porro
2712 2600 2778 2654 de
2816 2601 2945 2666 illis,
2990 2601 3454 2672 llyperpyracium

1883 2696 2130 2760 nomine,
2187 2695 2352 2750 etiam
2407 2707 2536 2750 ante
2591 2695 2886 2748 Alexandri
2931 2697 3230 2750 adventum
3262 2696 3451 2767 praefe-

1881 2794 2030 2839 ctum
2066 2786 2134 2840 ab
2167 2801 2234 2840 eo
2285 2785 2516 2841 missum
2567 2793 2909 2855 susceperat,
2958 2795 3013 2842 et
3067 2795 3183 2840 erat
3232 2801 3454 2857 quoque

1884 2878 2196 2948 praesidium
2229 2887 2642 2948 suscepturum.
2697 2876 3026 2946 Imperator,
3053 2888 3114 2932 ut
3143 2878 3249 2932 hoc
3275 2894 3340 2932 ex
3380 2879 3459 2934 le-

1881 2973 2020 3042 gatis
2049 2972 2263 3038 didicit,
2291 2974 2419 3042 quia
2453 2983 2508 3027 et
2537 2969 2819 3026 Persicum
2849 2971 3158 3027 subsidium
3186 2971 3449 3037 habebat,

1881 3073 1937 3118 et
1967 3063 2179 3118 Cralem
2210 3073 2434 3134 propter
2461 3064 2674 3134 plagam
2704 3072 2984 3134 acceptam
3020 3063 3075 3118 in
3107 3063 3449 3134 provinciam

1881 3171 2158 3211 reversum
2187 3155 2458 3220 audierat,
2493 3155 2778 3222 bilaratus,
2803 3155 3053 3211 Matthaao
3088 3157 3199 3210 lilio
3235 3155 3450 3212 Gratia-

1873 3247 2098 3317 nopolis
2146 3247 2488 3316 aliarumque
2524 3246 2742 3302 urbium
2784 3246 2840 3302 in
2871 3247 3184 3303 Cbalcidica
3214 3248 3323 3304 sibi
3359 3265 3454 3318 pa-

1884 3337 2123 3392 rentium
2190 3337 2452 3408 praefecto
2519 3337 2755 3404 relicto,
2823 3339 2878 3394 in
2933 3339 3205 3395 Morrham
3255 3351 3448 3396 contra

1871 3427 2081 3483 Messes
2115 3438 2380 3499 quantum
2416 3429 2615 3499 potuit,
2662 3432 2998 3500 properavit.
3057 3431 3132 3486 Eo
3165 3433 3447 3490 intellecto

1879 3519 2211 3588 Alexander,
2264 3521 2526 3592 quoniam
2559 3521 2676 3578 acie
2703 3524 2958 3579 resistere
2994 3525 3280 3594 nequibat,
3312 3527 3452 3580 mira

1881 3610 2228 3666 festinatione
2262 3621 2316 3666 et
2350 3612 2709 3682 incomposite
2766 3622 2932 3684 atque
2984 3613 3212 3670 confuse
3267 3615 3453 3672 llebro

1881 3703 2133 3768 transito,
2170 3713 2345 3758 castra
2381 3703 2535 3768 fecit,
2586 3711 2848 3772 tanquam
2892 3703 3118 3760 ﬂumine
3151 3705 3450 3776 imperato-

1882 3808 1997 3849 rem
2035 3792 2372 3862 impedituro
2414 3793 2644 3858 scilicet,
2675 3809 2745 3851 ne
2787 3794 2910 3850 illos
2931 3809 3124 3851 secu'n
3153 3811 3452 3853 conserere

1881 3901 2079 3944 manus
2135 3886 2517 3957 compelleret.
2586 3887 2871 3943 Submersi
2920 3896 3048 3943 sunt
3103 3887 3158 3942 in
3213 3890 3453 3946 transitu

1884 3980 2090 4034 milites
2122 3981 2332 4050 aliquot
2395 3990 2452 4035 et
2483 3981 2606 4050 equi
2632 3982 2948 4050 complures
2981 4000 2994 4036 :
3029 3981 3261 4037 sarcinae
3310 3982 3445 4040 item

1881 4081 1938 4128 et
1994 4072 2378 4143 impedimenta
2427 4088 2536 4126 non
2590 4072 2650 4127 in
2694 4072 2920 4127 ﬂumine
2966 4073 3150 4139 modo,
3190 4075 3284 4130 sed
3344 4075 3447 4133 hac

1875 4147 2044 4218 etiam
2076 4161 2143 4216 de
2183 4177 2351 4216 causa
2396 4163 2618 4227 amissa,
2653 4162 2799 4231 quod
2833 4163 2887 4216 in
2927 4161 3215 4234 principiis
3248 4166 3318 4220 ab
3346 4165 3448 4220 im-

1880 4261 2135 4324 peratore
2164 4254 2353 4321 locati,
2384 4252 2584 4308 Maesos
2617 4254 2803 4310 adhuc
2841 4264 3212 4319 transeuntes,
3244 4273 3274 4312 a
3295 4268 3448 4332 tergo

1879 4345 2016 4414 ipsis
2038 4345 2303 4400 instantes
2325 4345 2716 4415 perurgebant.
2741 4345 3204 4418 Hyperpyracium
3235 4359 3444 4418 autem,

1880 4437 2162 4506 praefecto,
2204 4452 2367 4506 quem
2418 4436 2724 4492 Alexander
2782 4437 3116 4504 instituerat,
3165 4442 3329 4497 simul
3379 4459 3446 4498 ac

1879 4527 2222 4597 imperatoris
2249 4528 2542 4583 adventum
2564 4527 2773 4583 audivit
2796 4528 2957 4598 fugae,
2978 4531 3106 4600 quia
3124 4542 3362 4602 poterat,
3385 4550 3445 4591 se

1875 4621 2192 4681 mandante,
2223 4627 2500 4688 receptum
2533 4628 2635 4673 est.
2689 4619 3002 4674 Alexander
3036 4637 3203 4692 porro
3233 4625 3444 4693 legatos

1874 4721 2001 4759 mox
2047 4721 2312 4776 responso
2365 4707 2518 4772 dato,
2577 4708 2834 4776 factoque
2885 4708 3094 4766 foedere
3139 4713 3441 4787 dimittens,

1870 4797 2186 4867 addensque
2217 4799 2355 4853 nihil
2393 4816 2452 4854 se
2484 4803 2868 4874 per-injuriam
2899 4805 3262 4869 commisisse,
3293 4806 3441 4875 quod

1870 4889 2168 4960 imperator
2210 4891 2412 4946 merito
2447 4892 2768 4962 ulciscatur,
2802 4896 2857 4951 in
2908 4911 3134 4967 regnum
3188 4885 3350 4952 suum
3383 4912 3444 4953 se

1872 4985 2106 5055 recepit.

188 5090 346 5146 κατὰ
373 5089 462 5142 τὸν
508 5088 694 5158 πόρον,
746 5083 1074 5154 στρατιῶταί
1125 5099 1184 5136 τε
1237 5082 1434 5152 ὀλίγοι,
1472 5083 1568 5134 καὶ
1612 5082 1770 5134 ἵπποι
1807 5079 2068 5146 πλεῖστοι,
2105 5079 2200 5134 καὶ
2262 5076 2564 5134 ἁποσκευαί
2587 5094 2601 5110 ο
2632 5077 2694 5130 οὺ
2737 5077 2900 5148 μόνον
2935 5078 3038 5131 ὑπὸ
3065 5077 3159 5132 τοῦ
3193 5078 3441 5150 ῥείθρου,

187 5189 315 5247 ἀλλ’
344 5188 428 5240 ὅτι
466 5183 560 5240 καὶ
590 5184 640 5236 oi
667 5184 726 5236 ἐν
761 5183 1086 5254 προτάκτοις
1134 5179 1239 5234 ὑπὸ
1283 5178 1548 5249 βασιλέως
1604 5176 1930 5247 τεταγμένοι
1955 5177 2170 5230 ἐτιτῶν
2229 5175 2434 5230 Μυσῶν
2455 5175 2852 5229 διαϐαινόντων.
2895 5176 3174 5230 ἐπέκειντο
3233 5175 3458 5258 αὐτοῖς..

200 5277 660 5350 ’Υπερπυράκιον
694 5275 752 5328 δὲ
815 5273 971 5337 αὖθις
1011 5273 1321 5328 ἀνεσώσατο
1376 5274 1404 5325 ό
1429 5271 1709 5343 βασιλεὺς,
1757 5269 1850 5324 τοῦ
1887 5269 2040 5340 παρά
2084 5268 2436 5342 Ἀλεξάνδρου
2492 5271 2752 5339 ἄρχοντος
2791 5268 3075 5338 διαδράναι
3122 5268 3444 5338 δυνηθέντος

190 5377 318 5448 ἅμα
367 5373 444 5444 τῷ
507 5371 774 5426 πυθέσθαι
820 5369 1042 5440 βασιλέα
1112 5371 1334 5443 ἥκοντα.
1379 5369 1725 5438 Ἀλέξανδρος
1775 5367 1831 5421 δὲ
1869 5370 1980 5431 τοῖς
2035 5365 2296 5438 βασιλέως
2351 5367 2647 5438 πρέσϐεσιν
2701 5367 2903 5420 αὐτίκα
2945 5366 3314 5436 χρηματίσας,
3347 5367 3456 5423 καὶ

191 5473 424 5540 θέμενο,
456 5466 712 5528 σπονδὰς,
747 5465 1021 5536 ἐξέπεμψε
1088 5465 1254 5535 μηδὲν
1286 5465 1614 5536 ’ἠδικηκέναι
1647 5460 1993 5534 είρηκὼς,δι’
2020 5461 2048 5514 ὃ
2078 5461 2303 5526 δικαίως
2336 5462 2624 5534 ἀμυνεῖται
2661 5459 2935 5532 βασιλεὺς,
2967 5460 3059 5513 καὶ
3109 5460 3459 5532 ἀνέστρειμ»

193 5565 281 5628 εἰς
312 5560 414 5632 τὴν
443 5559 670 5613 οἰκείαν.
