3962 6580
302 429 434 496 illi
512 453 525 469 ο

295 541 640 612 ἀπήγγελλον
694 540 940 601 ἐλθόντες
964 581 979 605 ,

296 634 538 708 ἀκριϐῶς
576 633 632 686 δὲ
664 630 764 686 οὐκ
795 629 940 701 εἶχον
967 631 1164 685 εἰδέναι
1195 630 1318 685 ὅθεν
1350 631 1464 701 εἴη.
1500 632 1768 695 Βασιλεὺς
1800 631 1859 685 δὲ

293 728 392 781 καὶ
441 727 492 780 οί
527 726 658 794 περὶ
689 725 854 778 αὑτὸν
879 723 1168 795 .ᾠήθησαν
1209 724 1310 793 μὲν
1336 717 1476 777 εἶναι
1508 726 1607 794 τὴν
1647 724 1859 776 οἰκείαν

248 813 255 820 ’
293 818 742 886 ὕποστρέφουσαν
799 815 864 869 ὲκ
915 814 1017 884 τῆς
1046 814 1361 886 λεηλασίας.
1392 814 1591 884 Ὅμως,
1627 814 1733 868 ὑπὸ
1762 813 1859 882 τῆς

293 908 437 962 κατὰ
484 908 612 970 τοὺς
650 904 850 969 ὖπνους
879 904 1319 976 τεθορυϐημένος
1376 904 1587 974 φωνῆς,
1617 903 1744 968 τούς
1801 920 1859 958 τε

292 996 631 1069 νεμομένους
668 998 870 1061 ἵππους
907 997 1025 1051 ἐκεῖ
1051 998 1151 1067 τῆς
1185 998 1448 1067 στρατιᾶς
1487 995 1707 1051 ἐκέλευε
1734 1000 1862 1060 τοὺς

294 1089 496 1157 νομέας
527 1089 763 1157 ἀπάγειν
791 1090 872 1151 είς
897 1087 1319 1158 Κουμουτζηνὰ,
1361 1087 1457 1140 καὶ
1482 1086 1738 1157 Μανουὴλ
1768 1087 1859 1139 τὸν

294 1180 486 1251 Ταρχα
519 1179 718 1250 ειώτην
771 1180 835 1232 ὲκ
872 1179 983 1233 τῶν
1034 1179 1319 1250 παρόντων
1352 1178 1569 1248 ὀλίγους
1606 1179 1860 1233 ἐκέλευεν

291 1272 723 1341 ἀπολεξάμενον,
754 1271 883 1326 εὐθὺ
903 1271 1005 1343 τῆς
1028 1271 1331 1342 ἐρχομένης
1356 1273 1616 1343 στρατιᾶς
1636 1273 1860 1342 χωρεῖν,

294 1365 391 1417 καὶ
427 1364 903 1420 κατασκέπτεσθαι
929 1363 1050 1419 ὅθεν
1075 1363 1160 1436 εἴη
1189 1381 1203 1395 ·
1234 1363 1396 1428 αὐτὸς
1433 1364 1490 1417 δὲ
1518 1364 1859 1435 ἀνελάμϐανε

292 1458 364 1509 τὰ
398 1456 539 1509 ὅπλα
573 1456 715 1525 μετὰ
751 1456 860 1511 τῶν
887 1456 1180 1511 συνόντων.
1213 1456 1383 1511 Οὔπω
1414 1457 1472 1511 δὲ
1497 1457 1860 1526 ὡπλισμένων

293 1548 574 1612 παντελῶς
599 1548 1035 1618 τεθορυϐημένος
1065 1549 1339 1620 ἐπανῆκεν
1367 1552 1396 1603 6
1414 1548 1857 1620 Ταρχανειὼτης,

293 1638 605 1709 πολεμίους,
658 1636 800 1693 εἶναι
831 1640 1055 1709 φάσκων
1082 1643 1208 1706 τοὺς
1262 1645 1536 1703 ὲπιόνταῖ.
1594 1642 1762 1698 Οὔπω
1804 1641 1861 1694 δὲ

292 1734 408 1785 πᾶν
435 1734 620 1803 εῖρητο
654 1733 802 1799 ἔπος,
843 1737 939 1787 καί⁵
965 1736 1015 1791 oi
1057 1736 1311 1807 πολέμιοι
1358 1738 1631 1809 παρῆσαν.
1667 1733 1777 1790 Ἦν
1805 1736 1862 1790 δὲ

293 1826 322 1876 6
361 1824 715 1895 Μομιτζίλος,
741 1825 944 1895 χιλίους
967 1828 1118 1895 ἄγων
1144 1829 1490 1893 ἐπιλέκτους,
1518 1829 1671 1901 παρά
1700 1844 1862 1881 τινων

293 1916 683 1980 κατασκόπων,
715 1915 810 1980 οὓς
840 1917 1087 1988 ἔπεμψεν
1117 1920 1280 1985 αὐτὸς
1310 1922 1438 1993 περὶ
1474 1900 1740 1993 βασιλέως
1774 1938 1865 1974 πε·
1897 1900 1937 1954 Β

292 2007 594 2076 πυθμένος,
626 2008 708 2062 ὅτι
739 2010 797 2062 ὲν
827 2011 1056 2085 Μεσήνῃ
1089 2013 1149 2065 τὺ
1184 2012 1285 2066 νῦν
1303 2013 1425 2084 ἔχον
1459 2010 1864 2084 διατρίϐει.⁹Ην

290 2100 405 2170 γὰρ
431 2098 612 2167 ὀλίγον
642 2102 701 2155 ἐν
831 2102 997 2169 διεῖχε
1023 2104 1390 2178 Περιθεώριον
1429 2107 1710 2178 Μεσήνης.
1759 2108 1863 2161 Βα-

295 2193 481 2258 σιλεὺς
513 2193 612 2264 μὲν
640 2193 736 2249 οὖν
767 2198 895 2260 τοὺς
935 2202 1066 2269 περὶ
1094 2201 1259 2253 αὐτὸν
1307 2202 1655 2271 συναγαγὼν,
1683 2202 1864 2256 ἐϐάδι-

292 2285 389 2348 ζεν
417 2286 696 2351 εὐτάκτως
730 2288 818 2343 διά
850 2291 1108 2360 Μεσήνης
1140 2291 1240 2360 τὴν
1303 2293 1544 2361 ἄγουσαν
1595 2296 1676 2358 είς
1718 2295 1861 2348 Κου-

293 2377 599 2446 μουτζηνά.
638 2379 814 2449 Ὀρῶν
847 2380 905 2433 δὲ
955 2383 983 2434 6
1036 2382 1371 2452 Μομιτζίλος
1427 2385 1528 2438 οὐκ
1578 2385 1740 2446 εὐθὺς
1770 2385 1864 2438 ἐπὶ

289 2467 473 2536 φυγὴν
524 2471 853 2540 τραπέντας,
910 2471 1047 2527 ἀλλὰ
1112 2473 1284 2546 βάδην
1351 2476 1447 2529 καὶ
1509 2480 1864 2548 τεταγμένως

288 2560 578 2622 ἀπιόντας.
635 2561 808 2615 ἔδεισε
868 2566 941 2635 μή
998 2583 1161 2619 τινων
1219 2568 1606 2641 ἐνεδρευόντων
1660 2572 1720 2623 ὲν
1752 2574 1863 2635 τοῖς

289 2651 561 2721 ἐρειπίοις
580 2653 679 2721 τῆς
707 2655 914 2717 πόλεως
935 2657 1108 2727 τροπὴ
1131 2657 1355 2727 γένηται
1385 2661 1514 2732 περὶ
1539 2662 1863 2726 αύτδνμίιτά-

290 2760 448 2807 κτοις
490 2747 582 2798 καὶ
609 2746 1083 2817 διεσκεδασμένοις
1124 2749 1323 2821 ἀθρόον
1376 2754 1738 2822 ὲπελῠόντων,
1770 2759 1865 2810 καὶ

290 2837 512 2905 συνεῖχε
566 2836 662 2890 καὶ
700 2838 866 2901 αὐτὸς
895 2838 994 2909 τὴν
1028 2843 1295 2911 στρατιὰν
1328 2845 1596 2913 σχολαίως
1635 2865 1867 2918 πορευο-
1903 2905 1906 2911 ,

293 2928 470 2998 μένην
500 2930 558 2981 ἐν
609 2930 790 2998 λόγοις
845 2933 1045 3002 τρισίν.
1090 2934 1241 2987 Ἐπεὶ
1291 2938 1348 2990 δὲ
1390 2939 1643 3008 βασιλεὺς
1685 2943 1779 2994 καὶ
1816 2944 1865 2994 οἱ

289 3024 428 3090 περὶ
488 3020 650 3075 αὑτὸν
702 3023 809 3088 ἔξω
836 3024 949 3077 τῶν
988 3027 1247 3096 ἐρειπίων
1296 3024 1458 3098 ἦσαν,
1493 3033 1588 3085 καὶ
1642 3034 1868 3103 ἐνέδρας

290 3111 501 3179 ὑποψία
530 3112 757 3183 οὐδεμία
789 3110 878 3186 ἦν,
914 3116 1149 3186 ἤλαυνον
1170 3119 1218 3171 οί
1249 3121 1377 3190 περὶ
1410 3123 1745 3189 Μομιτζίλον
1775 3125 1863 3176 ἐπ’

290 3202 540 3265 ἐκείνους
577 3205 854 3276 ἀκρατῶς.
883 3205 1253 3279 Τραπομένων
1282 3211 1340 3267 δὲ
1376 3213 1632 3267 ἁπάντων
1658 3217 1737 3277 είς
1767 3234 1866 3285 φυ-
1894 3241 1936 3299 ο

290 3297 429 3363 γὴν,
478 3297 602 3351 ἐπεὶ
651 3299 702 3351 οἱ
763 3300 1177 3371 προδραμόντες
1206 3304 1317 3358 τῶν
1372 3304 1648 3376 πολεμίων
1698 3309 1866 3376 ἐγγὺς

290 3383 439 3455 ἦσαν
479 3387 762 3457 βασιλέως,
820 3392 933 3445 τῶν
974 3392 1152 3448 ἄλλων
1186 3397 1292 3467 γὰρ
1350 3397 1513 3461 αὐτὸς
1556 3399 1867 3465 τελευταῖος

292 3482 648 3544 ὑπελείπετο,
684 3485 1020 3555 συστραφεὶς
1051 3487 1293 3555 ἠμύνετο
1327 3491 1444 3553 τοῖς
1467 3490 1700 3562 πρώτως
1726 3494 1866 3561 φθά-

293 3591 450 3639 σασι,
486 3576 583 3629 καὶ
612 3576 845 3630 ἔπιπτεν
877 3582 905 3632 6
946 3579 1213 3648 βασιλέως
1241 3581 1407 3646 ἵππος
1439 3586 1552 3647 τοῖς
1584 3571 1866 3654 πολεμίοις

292 3662 686 3734 συμϐαλόντος.
722 3666 844 3720 Τῶν
865 3669 1092 3723 οίκετῶν
1118 3670 1174 3724 δὲ
1201 3665 1282 3735 εἷς
1315 3671 1525 3741 παρὼν,
1552 3674 1864 3745 Λαντζαρέ-

290 3773 389 3819 τος
426 3757 616 3827 δνομα,
650 3758 743 3813 τοῦ
787 3760 956 3813 ἵππου
988 3762 1201 3826 ἀποϐὰς
1236 3763 1537 3834 παρείχετο
1571 3766 1663 3819 τὸν
1696 3768 1864 3820 τππον

292 3847 544 3920 βασιλεῖ·
603 3848 719 3921 ἅμα
746 3851 802 3905 δὲ
834 3852 926 3905 καὶ
962 3854 1236 3924 συνήρατο
1288 3855 1567 3925 ἐπιϐῆναι.
1614 3857 1867 3911 Ἐπιϐαί-

293 3957 458 3994 νοντα
485 3941 539 3996 δὲ
569 3941 712 4011 ξίφει
740 3961 823 4002 τις
855 3942 1088 4013 ἔπληξεν
1126 3946 1361 4008 ἐπιστάς
1396 3948 1539 4002 κατὰ
1568 3949 1667 4017 τῆς
1695 3966 1868 4018 κεφα-

290 4031 420 4097 λῆς,
451 4030 686 4087 ἔϐλαπτε
715 4034 770 4089 δὲ
802 4035 980 4100 οὐδὲν,
1028 4037 1125 4089 τοῦ
1160 4039 1396 4107 κράνους
1425 4040 1560 4111 πρὸς
1599 4041 1698 4113 τὴν
1733 4041 1868 4111 πλη-

266 4123 402 4192 γὴν
424 4125 690 4193 γενναίως
715 4127 1084 4197 ἁντισχόντος.
1125 4129 1214 4195 Ἐξ
1237 4130 1447 4185 ἐκείνου
1483 4132 1543 4186 δὲ
1568 4134 1657 4188 διὰ
1685 4135 1866 4203 πάσης

288 4216 645 4286 ἀμυνόμενος
693 4220 794 4287 τῆς
844 4218 967 4272 ὁδοῦ
1012 4223 1109 4298 καὶ
1164 4222 1536 4294 πληττόμενος
1568 4226 1868 4295 (παρῆλθον

290 4306 406 4374 γὰρ
435 4307 598 4361 αὐτὸν
627 4308 833 4371 πολλοὶν
845 4309 954 4363 τῶν
982 4312 1308 4384 πολεμίων),
1328 4311 1492 4386 ἦλθεν
1512 4319 1592 4379 είς
1618 4319 1867 4386 Κουμου-

286 4399 490 4467 τζηνὰ,
514 4402 833 4472 παραδόξως
858 4403 1166 4470 διασωθείς.
1201 4406 1578 4479 Λαντζαρέτον
1607 4409 1662 4463 δὲ
1685 4410 1865 4479 ξίφεσι

291 4492 391 4545 καὶ
408 4492 596 4564 δόρασι
627 4498 1242 4566 κατατραυματίσαντες
1264 4502 1361 4554 καὶ
1384 4501 1704 4570 νομίσαντες
1737 4504 1859 4556 ἁπε-

1380 422 1388 431 ’
1423 427 1974 513 HISTORIARUM
2015 428 2251 489 LIBER
2289 429 2408 493 IlI.

1038 539 1115 603 ὡς
1173 539 1529 610 προσελαύνει
1586 554 1851 609 στρατια’

1966 546 2072 594 tum
2110 539 2405 594 adventare
2428 543 2460 605 ,‘
2489 552 2592 595 nec
2624 547 2780 597 certo
2822 554 3046 598 noscere
3085 541 3329 611 potuisse
3366 551 3539 600 unde-

3374 429 3538 495 1218

1967 648 2094 689 nam
2125 635 2402 690 adventet.
2430 632 2729 705 Imperator
2753 652 2875 693 cum
2918 637 3211 695 comitibus
3257 642 3539 711 proprium

1968 741 2110 792 esse,
2146 737 2200 782 et
2228 742 2259 781 a
2292 727 2645 797 populatione
2673 730 2855 786 redire
2885 739 3073 786 censet
3101 749 3118 787 :
3150 741 3533 788 verumtamen

1968 833 2101 874 voce
2124 818 2179 871 in
2207 817 2417 874 somnis
2446 820 2635 877 audita
2661 821 2932 886 turbatus,
2967 830 3024 878 et
3042 838 3215 893 equos
3246 824 3541 894 praesidia-

1968 912 2175 966 riorum
2215 911 2323 966 illic
2353 919 2642 981 pascentes
2670 915 2937 969 reducere
2980 914 3318 973 Cumutzena
3353 928 3539 987 pasto-

1970 1000 2124 1055 ribus
2172 1001 2471 1062 mandavit,
2529 1009 2586 1056 et
2644 1002 2949 1059 Manuelem
2995 1003 3412 1063 Tarclianiotam
3470 1022 3534 1063 ex

1966 1092 2326 1161 praesentibus
2377 1109 2582 1163 paucos
2643 1093 2918 1164 deligere,
2980 1094 3327 1152 venientibus
3382 1105 3532 1152 recta
3601 1088 3607 1099 ’

1969 1200 2281 1250 occurrere,
2316 1184 2459 1240 unde
2481 1186 2740 1241 venirent
2775 1184 3046 1255 speculari
3065 1187 3264 1257 jussit;
3305 1188 3423 1257 ipse
3448 1187 3534 1241 in-

1970 1277 2129 1333 terim
2177 1291 2327 1331 arma
2385 1291 2506 1332 cum
2536 1275 2701 1330 sociis
2755 1276 2955 1333 induit.
3013 1278 3120 1335 Sed
3163 1280 3396 1336 necdum
3454 1281 3538 1336 his

1970 1366 2127 1434 plane
2187 1367 2433 1434 annalis,
2489 1366 2858 1424 Tarchaniota
2921 1371 3164 1440 trepidus
3219 1375 3535 1442 revertitur,

1969 1457 2154 1511 hostes
2183 1457 2443 1513 advenire
2492 1459 2589 1515 ait.
2620 1460 2716 1516 Vix
2753 1460 2990 1525 ﬁnierat,
3044 1471 3098 1519 et
3144 1478 3276 1521 ecce
3314 1466 3534 1522 adsunt.

1969 1547 2210 1607 Ducebat
2237 1559 2418 1605 autem
2467 1549 2791 1607 Momttzilus
2821 1553 3058 1610 selectos
3089 1556 3260 1623 mille,
3301 1574 3398 1627 per
3442 1575 3540 1614 ex-

1968 1638 2271 1706 ploratores
2325 1654 2453 1694 suos
2518 1638 2720 1694 certior
2766 1640 2988 1707 factus,
3039 1643 3426 1714 imperatorem
3481 1650 3537 1703 in

1968 1730 2255 1798 praesentia
2281 1731 2350 1785 ad
2376 1730 2630 1786 Mesenen
2663 1730 2879 1796 sedere,
2906 1732 3175 1803 siquidem
3197 1737 3539 1794 Peritheorio

1971 1818 2189 1875 Mesene
2244 1836 2413 1891 parvo
2464 1823 2751 1884 intervallo
2804 1829 3015 1884 aberat.
3071 1827 3326 1884 Collectis
3373 1828 3539 1899 igitur

1966 1912 2102 1977 suis,
2135 1913 2498 1984 ordinataque
2520 1918 2737 1988 agmine
2770 1919 2856 1973 via
2883 1934 2982 1989 per
3012 1918 3272 1975 Mesenen
3297 1920 3538 1975 ducente

1965 2003 2299 2061 Cumutzena
2337 2006 2495 2061 redit.
2527 2008 2764 2064 Cernens
2799 2011 3128 2068 Momitzilus
3174 2026 3284 2067 non
3324 2019 3539 2066 extem-

1965 2093 2055 2162 plo
2082 2092 2309 2164 fugisse,
2336 2095 2433 2150 sed
2486 2097 2752 2168 gradatim
2794 2109 2849 2155 et
2891 2101 3178 2156 ordinatim
3229 2101 3537 2165 discedere.

1969 2183 2278 2254 timensque
2309 2200 2381 2239 ne
2409 2186 2735 2255 quibusdam
2766 2188 2907 2244 inter
2930 2191 3128 2245 rudera
3159 2199 3215 2246 et
3240 2191 3538 2261 parietinae

1964 2274 2116 2331 urbis
2168 2276 2426 2332 insidiose
2470 2278 2789 2349 latentibus,
2851 2282 3193 2353 densataque
3226 2291 3439 2339 caterva
3476 2286 3535 2338 in
3604 2269 3610 2274 ’

1963 2381 2093 2419 suos
2140 2380 2237 2422 nec
2276 2368 2559 2424 ordinatos
2617 2358 2674 2425 et
2727 2385 2952 2443 sparsos
3008 2373 3348 2431 irruentibus
3406 2374 3530 2445 fuga

1963 2458 2140 2524 ﬂeret,
2171 2473 2266 2514 eos
2310 2459 2475 2514 etiam
2533 2460 2648 2530 ipse
2694 2461 2971 2533 tripartito
3000 2464 3342 2530 distributos,
3386 2452 3537 2521 lento

1965 2564 2126 2618 passu
2160 2550 2417 2607 incedere
2457 2550 2610 2607 fecit.
2655 2552 2756 2608 Ast
2801 2553 2893 2608 ubi
2941 2554 3262 2610 insidiarum
3296 2556 3553 2625 suspicio‘

1963 2640 2216 2707 cessarit,
2254 2640 2579 2711 impotenter
2608 2658 2668 2699 se
2718 2646 2773 2699 in
2823 2646 3150 2702 recedentes
3207 2647 3534 2700 intulerunt.

1965 2732 2173 2798 Quibus
2230 2734 2484 2790 omnibus
2535 2735 2589 2790 in
2641 2736 2821 2808 fugam
2853 2752 2913 2793 se
2956 2736 3383 2803 eﬂ‘undentibus,
3410 2753 3536 2793 cum

1966 2828 2058 2894 qui
2094 2840 2161 2879 ex
2194 2825 2446 2882 hostibus
2476 2827 2637 2898 primi
2668 2829 3052 2894 aecurrebant,
3085 2829 3404 2899 imperatori
3438 2844 3540 2898 ap-

1967 2916 2400 2986 propinquarent
2440 2918 2712 2989 (ultimum
2755 2919 2902 2974 enim
2950 2935 3144 2990 agmen
3196 2919 3529 2986 claudebat),

1967 3009 2365 3079 agglomeratus
2397 3025 2521 3066 cum
2553 3012 2744 3081 paucis
2768 3027 2830 3067 se
2861 3000 3138 3067 tuebatur.
3167 3011 3414 3081 Cumque
3432 3011 3538 3066 sub

1968 3113 2037 3153 eo
2096 3114 2272 3168 equus
2320 3101 2611 3158 confossus
2668 3101 2984 3168 cecidisset,
3038 3116 3184 3157 unus
3229 3117 3262 3156 e
3321 3100 3539 3156 fatttttlis

1971 3188 2330 3248 Lantzazetus
2388 3192 2670 3257 vocabulo,
2724 3193 3198 3264 suum-praebuit,
3258 3201 3426 3263 atque
3479 3193 3539 3247 in

1968 3296 2093 3336 eum
2122 3283 2363 3338 sustulit.
2390 3283 2794 3340 Ascendentem
2826 3284 2983 3356 591
3017 3284 3239 3354 quidam
3276 3281 3539 3338 advolans

1969 3388 2104 3428 ense
2133 3374 2189 3427 in
2220 3383 2384 3444 caput
2417 3374 2567 3439 ferit,
2611 3376 2707 3432 sed
2758 3376 3017 3431 ﬁrmitate
3047 3375 3214 3447 galeae
3249 3374 3390 3430 ictus
3416 3374 3539 3431 ina-

1966 3466 2053 3522 nis
2104 3465 2230 3520 fuit.
2281 3465 2412 3521 lnde
2456 3475 2572 3522 toto
2607 3467 2804 3524 itinere
2864 3459 3052 3523 multis
3104 3465 3441 3522 irruentibus
3483 3476 3540 3521 et

1966 3558 2185 3613 credens
2234 3566 2292 3613 et
2340 3573 2517 3615 cazsus
2562 3560 2897 3616 Cumutzena
2927 3558 3253 3615 mirabiliter
3291 3567 3540 3614 servatus

1967 3649 2136 3703 venit.
2204 3647 2587 3704 Lantzaretum
2628 3666 2761 3705 vero
2815 3650 3007 3722 gladiis
3055 3658 3113 3705 et
3172 3648 3342 3705 hastis
3394 3648 3542 3703 occi-

1967 3740 2133 3794 dendi
2179 3756 2343 3796 causa
2392 3741 2805 3796 consauciatum
2845 3740 3173 3811 (octodecim
3218 3740 3366 3796 enim
3423 3739 3540 3794 rul~

1966 3848 2099 3887 nera
2144 3832 2194 3887 ei
2241 3832 2581 3903 indixerunt)
2621 3834 2923 3903 spirantem
2956 3830 3134 3887 adhuc
3179 3831 3537 3900 reliquerunt.

1965 3923 2269 3992 Imperator
2308 3924 2494 3994 itaque
2533 3940 2563 3981 e
2622 3934 2771 3985 tanto
2816 3924 3139 3988 discrimine
3181 3932 3381 3992 praeter
3417 3937 3540 3977 om-

1962 4016 2117 4071 nium
2163 4020 2634 4087 exspectationem
2671 4016 2915 4080 emersit,
2962 4024 3017 4072 et
3058 4013 3390 4071 Moniitzilus
3421 4013 3540 4070 sine

1967 4124 2119 4162 mora
2146 4108 2417 4165 discessit.
2455 4108 2839 4171 Lantzaretum
2884 4109 3179 4179 imperator
3206 4106 3540 4161 seminecem

1965 4198 2302 4255 Cumetzcna
2343 4200 2653 4256 vehendum
2686 4200 2919 4262 curavit,
2956 4198 3049 4270 qui
3091 4198 3244 4253 brevi
3291 4205 3539 4267 tempore

1966 4292 2256 4347 sedulitate
2320 4292 2654 4348 medicorum
2702 4305 2892 4361 sospes
2923 4299 2978 4346 et
3024 4286 3337 4352 incolumis,
3388 4288 3538 4342 nulla

1966 4376 2119 4453 parte
2146 4384 2395 4454 corporis
2415 4384 2638 4450 amissa,
2660 4392 2743 4440 est
2766 4383 3034 4451 redditus,
3058 4392 3113 4439 et
3139 4383 3346 4452 majore
3373 4381 3537 4437 etiam

1966 4493 2131 4547 quam
2149 4478 2219 4532 ob
2247 4478 2580 4533 declaratum
2630 4492 2761 4548 erga
2807 4476 3094 4533 dominum
3145 4488 3389 4531 amorem
3425 4488 3543 4529 me-

290 4583 544 4637 κτονέναι
567 4565 811 4655 (δεκάκις
830 4565 940 4660 γὰρ
966 4589 1371 4659 ἐτραυμάτισαν
1393 4565 1529 4661 πρὸς
1545 4595 1653 4656 τοῖς
1676 4593 1861 4662 ὀκτὼ),

1971 4569 2146 4625 ruisse
2166 4568 2471 4636 ridebatur,
2511 4570 2654 4639 apud
2681 4585 2806 4625 eum
2852 4570 3029 4637 gratia
3086 4568 3406 4638 honoreque
3442 4565 3542 4662 ilo-

288 4674 566 4729 ἀπέλιπον
595 4678 919 4747 ἐμπνέοντα.
979 4680 1247 4746 Βασιλεὺς
1294 4685 1393 4753 μὲν
1450 4681 1547 4738 οὖν
1586 4685 1759 4748 οὕτως
1798 4688 1865 4739 ἑκ

286 4766 389 4818 τοῦ
419 4769 676 4822 τοσούτου
712 4771 961 4826 κινδύνου
1004 4774 1235 4843 μηδενὸς
1281 4776 1349 4829 ἂν
1385 4777 1864 4847 προσδοκήσαντος

287 4859 602 4923 διεσώζετο.
643 4864 750 4916 Καὶ
784 4868 812 4917 6
857 4865 1186 4936 Μομιτζίλος
1234 4868 1357 4922 οὐδὲ
1391 4868 1567 4939 βραχὺ
1595 4869 1865 4940 προσμεί-

290 4968 421 5015 νας,
457 4952 742 5025 ἀνεχώρει.
775 4957 1126 5028 Λατζαρὲτον
1173 4959 1228 5012 δὲ
1264 4960 1488 5031 πέμψας
1525 4963 1553 5014 ό
1587 4960 1860 5031 βασιλεὺς,

292 5042 506 5113 ἤγαγεν
542 5046 619 5108 είς
650 5047 1050 5119 Κουμουτζηνὰ
1095 5052 1405 5122 ἐμπνέοντα
1455 5053 1536 5106 ἔτι
1560 5069 1574 5083 ·
1610 5054 1707 5106 καὶ
1738 5054 1866 5107 πολ-

290 5133 401 5203 λῆς
435 5136 690 5203 ἀξιωθεὶς
723 5141 1065 5210 ἐπιμελείας,
1106 5146 1165 5198 ὲν
1198 5144 1365 5217 ὀλίγῳ
1398 5147 1577 5218 χρόνῳ
1619 5148 1778 5217 ὑγιής
1802 5164 1863 5201 τε

293 5226 395 5280 καὶ
424 5228 562 5292 σῶος
590 5226 749 5296 αὖθις
782 5229 871 5304 ἦν,
907 5234 1074 5305 μηδὲν
1111 5237 1221 5291 τῶν
1253 5238 1431 5308 μελῶν
1459 5238 1561 5293 ὑπὸ
1591 5239 1701 5294 τῶν
1724 5240 1865 5308 πλη-

288 5318 407 5386 γῶν
433 5318 743 5390 ἀποϐαλὼν,
769 5324 969 5396 πολλῆς
1002 5342 1063 5379 τε
1093 5329 1384 5398 εὐμενείας
1410 5331 1506 5384 καὶ
1535 5331 1702 5402 τιμῆς
1728 5331 1866 5385 ἀπέ-

289 5407 428 5461 λαυε
462 5411 614 5479 παρὰ
654 5413 938 5483 βασιλέως,
981 5417 1078 5471 καὶ
1113 5418 1381 5488 μειζόνων
1411 5421 1444 5486 ἢ
1481 5421 1748 5493 ἐτύγχανε
1774 5422 1858 5475 δο-

288 5499 408 5554 κῶν
447 5499 588 5557 εἶναι
616 5506 937 5577 ἀξιώτερος,
975 5509 1065 5564 διὰ
1111 5511 1212 5582 τὴν
1242 5514 1692 5586 ὲπιδεδειγμένην
1725 5516 1864 5587 πρὸς

289 5594 500 5647 ἐκεῖνον
525 5595 759 5652 εὔνοιαν.
787 5600 1024 5655 Ἕπεσον
1053 5602 1108 5655 δὲ
1135 5604 1229 5657 καὶ
1253 5605 1364 5658 τῶν
1378 5604 1560 5660 ἄλλων
1578 5608 1858 5674 τέτταρες,

290 5680 373 5739 ὧν
402 5683 481 5751 είς
513 5690 542 5741 6
570 5688 856 5760 Βρυέννιος
884 5694 1104 5763 Μιχαὴλ
1132 5690 1220 5766 ἦν,
1250 5689 1294 5764 ᾧ
1325 5699 1513 5751 πεσεῖν
1548 5698 1862 5769 μαχόμενον

288 5776 604 5848 ἔμπροσθεν
629 5780 893 5851 βασιλέως
911 5785 938 5836 6
957 5784 1342 5856 Διδυμοτείχου
1362 5789 1653 5861 ἀρχιερεὺς
1677 5789 1860 5860 πολλῷ

290 5871 470 5945 χρόνῳ
517 5873 782 5945 πρότερον
816 5880 1111 5946 προεῖπεν·
1150 5879 1393 5936 ἑάλωσαν
1442 5881 1496 5935 δὲ
1530 5885 1625 5938 καὶ
1679 5884 1857 5937 ἕτεροι

1965 4662 2092 4717 ruit.
2125 4661 2455 4717 Ceciderunt
2488 4670 2669 4716 autem
2699 4670 2960 4732 quatuor,
2985 4676 3219 4731 quorum
3253 4674 3394 4715 unus
3441 4657 3542 4713 Μί-

1963 4753 2116 4809 chael
2151 4753 2477 4825 Bryennius,
2510 4752 2603 4807 cui
2655 4761 2783 4807 ante
2832 4751 3178 4820 imperatoris
3228 4751 3395 4821 pedes
3436 4765 3541 4819 pu-

1962 4854 2214 4917 gnantem
2239 4846 2641 4912 occubiturum,
2672 4845 2846 4899 multo
2888 4852 3018 4899 ante
3041 4840 3403 4915 Didymotichi
3428 4840 3543 4915 epi-

1964 4953 2165 5008 scopus
2248 4939 2619 5009 praedixerat,
2664 4936 2889 4993 totidem
2948 4935 3117 5006 capti.
3199 4932 3539 5013 Monuitzilus

1963 5030 2126 5101 paulo
2153 5041 2275 5100 post
2326 5045 2490 5101 quam
2545 5044 2742 5084 manus
2796 5028 2888 5083 illa
2932 5025 3276 5097 praedatoria,
3314 5024 3383 5079 de
3428 5038 3537 5094 qua

1964 5137 2151 5192 supra,
2183 5121 2456 5189 discessit,
2497 5123 2636 5177 duos
2672 5121 2759 5177 de-
2798 5117 3051 5189 captivis,
3086 5116 3439 5187 Apelmenem
3469 5122 3527 5189 et

1966 5215 2314 5277 Theodorum
2369 5214 2733 5270 Caballarium
2776 5215 2841 5268 ad
2874 5212 3084 5266 Annam
3129 5208 3529 5279 imperatricem

1962 5307 2126 5381 legat,
2169 5306 2446 5366 societatis
2503 5316 2555 5362 et
2606 5305 2777 5376 prazlii
2829 5319 2954 5359 cum
3013 5302 3133 5371 ejus
3179 5301 3336 5355 hoste
3379 5313 3536 5355 com-

1965 5402 2117 5461 missi
2146 5403 2427 5473 praemium
2477 5399 2634 5469 petit.
2685 5399 2817 5464 Qum
2863 5394 3129 5466 petitione
3186 5393 3425 5447 libenter
3444 5391 3543 5451 ad-

1964 5494 2153 5557 missa,
2206 5494 2489 5562 despotam
2534 5491 2685 5545 illum
2732 5496 2902 5544 creat.
2930 5487 3053 5556 Ipse
3084 5499 3300 5557 quoque
3356 5484 3527 5538 misso

1965 5588 2032 5639 ad
2086 5584 2476 5654 imperatorem
2542 5589 2783 5644 oratore,
2829 5579 2994 5649 hujus
3039 5578 3358 5635 stoliditatis
3423 5592 3535 5631 suae

1965 5686 2021 5733 et
2052 5678 2194 5732 male
2233 5678 2377 5733 bene
2415 5675 2615 5731 merito
2638 5690 2740 5738 suo
2769 5673 2954 5729 relatae
2982 5673 3172 5743 gratiae
3202 5671 3416 5727 veniam
3444 5683 3538 5739 pe-

1953 5770 2054 5833 .tit,
2090 5785 2155 5825 ac
2179 5771 2247 5825 de
2273 5778 2472 5825 caetero
2516 5769 2741 5824 meliora
2790 5766 3078 5839 prom’ttit.
3106 5766 3405 5835 Imperator
3448 5762 3543 5816 in-

1970 5859 2220 5931 telligens
2248 5869 2300 5916 et
2329 5859 2568 5917 vindicta
2605 5860 2800 5930 punire
2851 5857 3204 5915 Momitzilum
3241 5868 3404 5925 quam
3451 5865 3543 5907 eso
