3962 6588
273 416 411 481 1125

1390 420 1937 484 HISTORIARUM
1982 421 2212 483 LIBER
2254 424 2367 484 Ill.

3379 420 3516 487 1196

263 529 462 600 ἐχώρει
503 530 636 602 πρὸς
672 530 988 598 Βυζάντιον,
1032 533 1141 588 τῶν
1183 533 1362 589 ἄλλων
1409 533 1669 587 ἁπάντων
1700 533 1836 600 ἁμε-

1945 533 2104 585 Solito
2156 533 2559 603 iiiperati-icem
2615 535 2906 590 saluta'um
2968 533 3250 599 accessit,
3310 536 3406 590 sed
3462 537 3517 590 in

264 620 461 690 λὴσας.
500 623 654 679 Ἐπεὶ
700 625 755 678 δὲ
789 621 856 693 ἦν
889 627 1060 692 ἐντὸς,
1096 628 1157 680 οὐ
1210 628 1344 696 πρὸς
1393 627 1637 698 βασιλίδα
1684 621 1837 693 ἧκεν,

265 712 460 783 ῶσπερ
493 715 655 768 εἴωθε
705 719 1190 788 προσαγορεύσων,
1221 718 1338 772 ἀλλ’
1366 720 1424 770 ἐν
1476 716 1841 789 Ὀδηγητρίας

262 805 366 873 τῆς
398 805 731 877 θεομήτορος
768 810 1060 878 γενόμενος
1113 810 1190 879 τῷ
1253 811 1470 880 τεμένει
1520 809 1614 861 καὶ
1669 824 1840 877 προσ-

262 899 531 968 κυνήσας,
569 900 764 954 ἔπειτα
787 903 868 966 είς
895 903 988 968 τον
1026 903 1084 954 ὲν
1112 903 1430 971 Μαγγάνοις
1469 898 1568 971 ἧκε
1606 901 1836 972 πύργον,

259 987 321 1038 δν
380 989 661 1056 περιόντος
707 991 806 1060 μὲν
865 992 1208 1060 ’Δνδρονίκου
1253 992 1348 1045 τοῦ
1395 992 1656 1062 βασιλέως
1703 988 1837 1060 εἶχε,

260 1080 363 1132 τοῦ
411 1079 710 1144 Βυζαντίου
757 1083 1048 1154 περιϐόλου
1095 1085 1225 1139 δντα
1281 1085 1398 1147 ἕνα,
1435 1085 1491 1136 ἐν
1518 1083 1574 1138 δὲ
1603 1085 1714 1146 τοῖς
1743 1083 1837 1136 τοῦ

266 1173 539 1243 ἐμφυλίου
579 1173 818 1244 πολέμου
875 1176 1088 1246 χρόνοις
1135 1175 1532 1240 ἐπισκευάσας,
1576 1175 1674 1228 καί⁸
1715 1175 1843 1244 ὀχυ-

264 1264 510 1332 ρώτατον
541 1267 1024 1336 ἀπεργασάμενος,
1057 1269 1132 1330 ὡς
1163 1267 1396 1338 μάλιστα
1425 1269 1574 1337 ἐνῆν,
1612 1269 1749 1321 ὅπλα
1780 1285 1838 1320 τε

261 1355 554 1424 ἐνθέμενος
602 1358 697 1410 καὶ
738 1357 806 1410 τὰ
836 1359 971 1412 ἄλλα
1004 1360 1310 1429 ἐπιτήδεια,
1340 1359 1481 1413 ὥστε
1509 1358 1838 1427 δυνήσεσθαι

260 1448 358 1499 καὶ
409 1449 546 1518 πρὸς
600 1450 911 1522 πολιορκίαν
965 1454 1060 1506 καὶ
1094 1454 1453 1524 τειχομαχίας
1486 1454 1839 1525 ἀντισχήσειν

259 1540 482 1608 κατεῖχε
522 1541 766 1610 φρουρὰν
812 1543 1161 1610 εἰσαγαγών·
1200 1543 1326 1595 τότε
1381 1543 1437 1596 δὲ
1488 1547 1566 1606 εἰς
1628 1545 1840 1596 ἐκεῖνον

260 1628 463 1694 ἐλθὼν,
518 1631 748 1701 διήγαγε
802 1634 901 1704 τὴν
955 1634 1143 1689 νύκτα.
1202 1637 1294 1698 Εἰς
1328 1637 1426 1706 τὴν
1456 1637 1751 1706 ὑστεραίαν
1785 1636 1841 1689 δὲ

260 1720 363 1772 τοῦ
413 1724 753 1794 πατριάρχου
791 1726 922 1796 πρὸς
965 1727 1129 1779 αὐτὸν
1181 1726 1448 1791 ἐλθόντος,
1499 1730 1689 1798 πρῶτα
1741 1728 1840 1798 μὲν

269 1811 528 1876 ὠνείδιζε
563 1813 658 1882 τὴν
699 1816 952 1870 εὐκολίαν
1000 1820 1092 1871 καὶ
1129 1819 1227 1888 τὴν
1253 1821 1388 1891 πρὶς
1417 1821 1578 1875 αὑτὸν
1611 1822 1842 1890 μεταϐο-

271 1903 394 1974 λήν.
442 1906 664 1960 Οίεσθαι
712 1907 820 1980 γὰρ
867 1909 1074 1978 ἔφασκε
1122 1913 1218 1975 τὰς
1269 1914 1599 1984 ἀμφοτέρων
1645 1932 1842 1970 συντα⁴

259 1996 462 2059 κείσας
526 1996 703 2068 ψυχὰς
759 2002 1038 2072 ἑκατέρων
1094 2006 1162 2057 τὰ
1219 2005 1451 2074 σώματα
1507 2009 1698 2071 κινεῖν,
1748 2010 1841 2062 καὶ

257 2089 444 2139 ταυτὰ
494 2092 589 2140 καὶ
648 2089 735 2141 ἴσα
790 2092 1136 2163 ἀμφοτέρους
1184 2097 1277 2147 καὶ
1335 2097 1685 2166 βουλεύεσθαι
1745 2100 1842 2154 καὶ

261 2181 559 2251 αἱρεῖσθαι·
594 2184 711 2235 νυνὶ
745 2185 798 2237 δὲ
828 2187 1138 2241 τούναντίον
1172 2189 1318 2244 ἅπαν
1349 2193 1669 2263 πεφηνέναιο
1703 2194 1842 2263 ἀκη-

261 2272 456 2326 κοέναι
515 2275 626 2347 γὰρ
663 2277 958 2330 πεπεῖσθαι
1023 2282 1116 2333 καὶ
1178 2281 1341 2336 αὐτὸν
1393 2287 1506 2348 τοῖς
1561 2288 1689 2353 περὶ
1741 2286 1842 2356 τῆς

261 2365 406 2435 πρὸς
462 2367 915 2439 Καντακουζηνδν
954 2373 1181 2443 εἰρήνης
1231 2375 1657 2446 διαλεγομένοις,
1697 2378 1841 2449 άπερ

258 2455 369 2508 οὐκ
427 2459 595 2529 ἐχρῆν
648 2465 846 2524 ποιεῖν,
891 2464 1092 2517 εἰδέναι
1157 2466 1266 2537 γὰρ
1306 2471 1622 2536 σαφέστατα
1652 2471 1838 2538 αὑτὸν,

264 2547 350 2611 ὡς
381 2551 430 2600 εί
468 2550 544 2621 μὴ
567 2555 772 2617 ἐκεῖνος
795 2554 897 2608 τοῦ
938 2557 1074 2626 πρὸς
1103 2560 1559 2631 Καντακουζηνδν
1603 2563 1841 2633 πολέμου

260 2644 490 2711 ἡρχετο,
521 2645 690 2699 πολλά
744 2651 1332 2718 πραγματευσάμενος,
1389 2655 1484 2707 καὶ
1527 2657 1707 2708 πᾶσαν
1740 2672 1844 2726 μη-

262 2733 444 2814 χανὴν
477 2735 828 2808 κεκινηκὼς,
881 2740 1050 2794 πάλαι
1096 2743 1164 2796 ἂν
1217 2744 1532 2815 ἐπεκάθητο
1578 2748 1844 2818 Παλαμᾶς

259 2824 385 2887 τοῖς
430 2835 850 2900 πατριαρχικοϊς
894 2832 1126 2902 θρόνοις,
1183 2833 1350 2890 αὐτοῦ
1403 2837 1839 2909 ἐκϐεϐλημένου.

259 2917 408 2972 Νυνὶ
453 2918 511 2972 δὲ
565 2923 700 2991 πρὸς
752 2922 831 2993 τῷ
863 2924 962 2994 τῆς
1000 2925 1324 2997 Ἐκκλησίας
1363 2929 1574 2998 ἄρχειν,
1611 2933 1843 2984 καὶτῶν

261 3007 564 3064 πολιτικῶν
615 3014 962 3082 πραγμάτων
1025 3016 1177 3071 οὐδὲν
1227 3014 1392 3090 ἧττόν
1453 3023 1572 3074 ἐστι
1626 3023 1840 3094 κύριος,

262 3101 632 3170 περίϐλεπτος
696 3107 754 3159 ἐν
807 3108 942 3161 πᾶσι
979 3108 1275 3178 Ῥωμαίοις
1321 3115 1713 3184 γεγενημένοςς
1747 3117 1840 3169 καὶ

261 3193 485 3264 πατὴρο
507 3198 601 3250 καὶ
651 3199 909 3270 κηδεμὼν
965 3201 1231 3272 βασιλέως
1267 3212 1833 3277 προσαγορευὶμενος,
1863 3217 1906 3278 C

259 3281 306 3336 ἃ.
357 3286 521 3356 ἐχρῆν
563 3292 807 3356 σκοπεῖν,
869 3293 965 3344 καὶ
1024 3293 1100 3364 μὴ
1162 3296 1619 3368 προσδοκωμένης
1664 3300 1836 3353 ἄλλων

258 3374 561 3442 ὠφελείας,
609 3380 709 3452 τὴν
759 3383 972 3436 οἰκείαν
1015 3385 1306 3455 προΐεσθαι
1352 3391 1654 3460 σωτηρίαν.
1703 3393 1840 3456 Πρὶν

263 3467 372 3536 μὲν
403 3469 510 3540 γὰρ
549 3472 641 3526 τὸν
681 3474 919 3546 πόλεμον
973 3479 1324 3549 κεκινῆσθαι,
1367 3481 1529 3552 μέχρι
1577 3483 1841 3554 καθαιρέ-

263 3575 413 3622 σεως
446 3561 674 3633 ἔστησεν
705 3565 770 3618 ἂν
813 3567 910 3638 τὴν
933 3567 1104 3638 ὀργὴν
1147 3573 1173 3622 ὁ
1200 3571 1675 3642 Καντακουζηνός.
1703 3575 1840 3627 Νυνὶ

256 3652 322 3703 δὲ
384 3655 523 3721 μετὰ
570 3658 632 3708 τὸ
665 3657 903 3711 τοσαῦτα
951 3661 1159 3714 ἐκεῖνον
1190 3663 1494 3732 ἐῳύσριστα
1541 3667 1636 3718 καὶ
1687 3667 1838 3722 δεινὰ

261 3741 772 3811 ὑπομεμενηκέναι,
826 3740 920 3813 ὧν,
951 3747 1210 3816 ἔφασκεν,
1247 3752 1398 3805 οὐδὲν
1453 3749 1616 3824 ἦττον
1669 3755 1841 3816 αἴτιος

256 3829 414 3904 ἦσθα
439 3838 530 3890 καὶ
566 3840 750 3906 αὐτὸς,
781 3841 856 3911 μὴ
881 3842 1270 3915 φιλάνθρωπόν
1301 3862 1422 3898 τινα
1481 3849 1575 3900 καὶ
1606 3849 1840 3918 ἀνεκτὴν

257 3923 384 3976 οἴου
414 3927 521 3980 τῶν
559 3930 830 3984 τοσούτων
883 3933 1071 3987 κακῶν
1129 3935 1349 3989 ἔσεσθαι
1401 3937 1498 4006 τὴν
1547 3941 1838 4010 τιμωρίαν,

258 4016 405 4069 ἀλλὰ
444 4017 670 4073 θάνατόν
701 4039 758 4076 τε
797 4022 1125 4092 ἐφύϐριστρν
1158 4026 1377 4090 σαυτοῦ,
1406 4027 1502 4080 καὶ
1527 4028 1621 4081 τοῦ
1648 4029 1840 4096 γένους

259 4107 523 4173 ἐξώλειαν
555 4115 778 4178 παντός.
833 4117 989 4171 Οὕτω
1017 4118 1124 4188 γὰρ
1158 4119 1482 4190 ἀκηκόαμεν
1520 4122 1585 4172 ὲκ
1629 4121 1840 4174 πολλῶν

257 4201 377 4255 τῶν
424 4203 632 4258 ἐκεῖθεν
687 4208 1029 4279 ἀφιγμένων,
1076 4211 1150 4274 ὡς
1211 4212 1460 4282 μεγάλην
1520 4213 1642 4267 καθ’
1682 4213 1840 4283 ἡμῶν

258 4294 378 4348 τῶν
408 4298 870 4370 πεπολεμηκότων
917 4302 1029 4373 ἔχει
1063 4303 1162 4375 τὴν
1192 4305 1518 4375 ἀπέχθειαν.
1557 4305 1635 4358 Δι’
1679 4306 1716 4361 ἃ.
1745 4307 1843 4359 αὑ-

260 4392 359 4456 τός
393 4407 448 4442 τε
481 4392 697 4459 ἔγνωκα
749 4394 911 4465 μέχρι
947 4396 1144 4460 παντός
1187 4397 1388 4466 ἐκείνῳ
1423 4397 1708 4466 πολεμεῖν,
1745 4398 1841 4452 καὶ

262 4483 354 4536 σοι
415 4484 484 4535 τὰ
541 4483 634 4537 ίσα
671 4485 1058 4554 συμϐουλεύω,
1111 4487 1206 4541 καὶ
1254 4488 1330 4559 μὴ
1376 4489 1444 4541 τὰ
1498 4490 1685 4561 πόρρω
1744 4490 1840 4544 καὶ

259 4574 440 4647 μηδὲν
481 4551 753 4646 ὀνήσοντα-
781 4551 1280 4649 πολυπραγμονεῖν,
1317 4551 1452 4634 ⁷ἀλλ’
1477 4551 1634 4652 ἡ
1658 4582 1837 4636 αὐτῶν
1865 4551 1920 4612 D

260 4665 527 4733 πρόνοιαν
591 4669 866 4723 ποιεῖσθαι
912 4671 1060 4732 ὅπως
1127 4671 1525 4740 σωθησόμεθα·
1576 4675 1735 4726 τοῦτο
1780 4675 1837 4726 δὲ

261 4759 392 4810 κατ’
419 4757 609 4810 οὐδένα
664 4761 865 4829 τρόπον
922 4761 1108 4833 ἕτερον
1143 4763 1450 4833 περιέσται,
1483 4763 1512 4833 ἣ
1557 4765 1643 4818 ἀεὶ
1677 4781 1844 4818 σπου-

259 4841 487 4905 δάζουσι
524 4845 614 4896 τὸν
660 4846 796 4916 πρὸς
847 4851 1054 4900 ἐκεῖνον
1115 4845 1252 4903 εἶναι
1296 4852 1554 4922 πόλεμον.
1591 4854 1700 4923 Τὴν
1730 4857 1841 4926 γὰρ

259 4933 565 5005 λεγομένην
596 4938 840 5008 εἰρήνην,
875 4941 1042 5010 μηδὲν
1077 4941 1266 5012 ἕτερον
1316 4943 1431 4998 οἵου
1463 4939 1628 5008 εἶναι,
1663 4944 1695 5015 ἢ
1729 4962 1839 5011 φα-

261 5027 430 5094 νερὰν
487 5030 645 5098 ἡμῶν
701 5047 757 5082 τε
812 5032 994 5084 αὐτῶν
1059 5034 1154 5084 καὶ
1220 5034 1425 5088 παίδων
1482 5034 1577 5087 καὶ
1623 5037 1841 5090 οἰκείων

259 5117 586 5189 διαφθοράν.
635 5121 874 5174 Τοιαῦτα
934 5123 1033 5193 μὲν
1085 5124 1238 5194 ἔλεγε
1287 5126 1426 5196 πρὸς
1469 5128 1838 5200 πατριάρχην,

259 5215 358 5263 καί
393 5210 606 5263 ἔπειθεν
636 5252 650 5278 ,
687 5215 798 5267 οὐδ’
859 5217 1022 5270 αὑτὸν
1083 5218 1221 5283 πρὸς
1265 5219 1362 5287 τὴν
1415 5220 1642 5289 είρὴνην
1694 5219 1838 5273 πάνυ

257 5302 634 5372 ὡρμημένον,
676 5306 812 5360 ἀλλὰ
865 5308 1083 5376 λέγουσι
1139 5315 1252 5374 τοῖς
1302 5311 1487 5375 ἄλλοις
1523 5312 1840 5380 ἀναγκαίως

261 5395 654 5463 συνεπόμενον.
699 5398 928 5453 Ἔπειτα
979 5402 1178 5471 ἐχρῆτο
1247 5406 1342 5456 καὶ
1394 5405 1547 5477 πρὸς.
1591 5404 1838 5474 βασιλίδα

259 5488 604 5560 πρεσϐευτῇ,
640 5491 846 5560 ἐμήνυέ
875 5509 934 5544 τε
980 5493 1214 5564 βασιλίδι
1258 5495 1325 5548 δι’
1359 5497 1548 5562 αὐτοῦ,
1593 5499 1669 5560 ὡς
1705 5499 1843 5550 ἀπο-

263 5582 385 5650 pair}
421 5581 542 5633 ὅτου
577 5583 740 5636 ἕνεκα
774 5585 936 5650 αὐτὸς
973 5588 1071 5657 μὲν
1124 5589 1264 5660 ὑπὲρ
1304 5590 1472 5658 αὐτῆς
1509 5591 1604 5643 καὶ
1634 5591 1838 5643 παίδων

260 5676 442 5726 ἒλοιτο
473 5675 650 5728 πάντα
681 5677 926 5731 κίνδυνον
961 5679 1056 5732 καὶ
1088 5680 1268 5745 πόνον,
1305 5681 1488 5743 αὐτοῖς
1524 5681 1582 5735 δὲ
1617 5683 1693 5752 μὴ
1739 5682 1838 5753 τὴν

257 5769 386 5836 [την
452 5768 598 5832 εδοξε
666 5771 902 5840 σπουδὴν
954 5774 1360 5828 ἐπιδείκνυσθαι
1417 5777 1549 5845 περὶ
1603 5776 1834 5832 ἑαυτῶν.

257 5861 432 5924 Λνζ-τος
488 5863 594 5933 γὰρ
652 5864 813 5928 εὐθὺς
873 5867 1011 5938 μετὰ
1067 5867 1163 5938 τὴν
1207 5867 1472 5938 βασιλέως
1525 5870 1784 5941 τελευτὴν
1817 5909 1832 5938 ,

1946 621 2282 691 lladegctria:
2317 623 2557 695 Deiparm
2606 628 2804 696 templo
2830 627 2964 681 fusis
3004 628 3258 696 precibus
3295 628 3350 682 in
3391 643 3519 697 pro-

1943 716 2303 785 pugnaculum
2352 732 2449 770 seu
2507 718 2782 771 castellum
2818 718 2871 772 in
2927 719 3212 788 Manganis
3242 719 3520 786 (planities

1941 817 2024 861 est
2075 816 2226 861 extra
2268 807 2607 878 Byzantium)
2652 811 2796 878 quod
2853 811 3149 878 superstite
3200 812 3364 866 etiam
3407 814 3519 866 An-

1942 896 2170 951 dronico
2220 897 2548 968 imperatore
2599 899 2852 962 habebat,
2889 900 3121 954 durante
3160 909 3343 954 autem
3379 901 3520 955 bello

1942 989 2047 1044 hoc
2077 989 2426 1054 instaurarat,
2445 1000 2499 1045 et
2530 993 2740 1060 magnis
2769 991 3028 1060 Operibus
3057 991 3517 1054 coinmuniverat.

1943 1098 2207 1152 armaque
2239 1091 2291 1136 rt
2328 1083 2430 1137 alia
2464 1083 2733 1137 obsidioni
2779 1084 3109 1139 sustinendae
3158 1084 3350 1139 idonea
3393 1101 3516 1140 eum

1942 1175 2196 1242 praesidio
2225 1175 2297 1230 ibi
2327 1177 2637 1231 collocarat.
2694 1176 2750 1230 In
2793 1177 2918 1239 hoc.
2963 1179 3203 1245 inquam,
3231 1180 3515 1234 castellum

1943 1269 2252 1334 concessit,
2319 1278 2374 1323 et
2428 1269 2538 1325 illic
2588 1280 2808 1324 noctem
2866 1271 3064 1341 exegit.
3138 1272 3404 1328 Postridie
3459 1288 3518 1327 se

1945 1359 2142 1413 visenti
2173 1361 2501 1430 patriarcha!
2534 1362 2808 1416 levitatem
2843 1373 2898 1417 et
2940 1365 3358 1418 inconstantiam
3390 1379 3516 1433 erga

1942 1465 2002 1504 se
2034 1451 2167 1528 vitio
2195 1453 2308 1506 dat.
2357 1452 2666 1507 Cri-didisxe
2713 1453 2938 1508 to;ilitas
2973 1455 3255 1508 anhorum
3304 1454 3517 1509 animas

1945 1542 2229 1611 utriusque
2259 1561 2457 1613 corpus
2483 1562 2667 1613 regere
2696 1546 2995 1614 eademque
3020 1548 3208 1600 ambas
3233 1557 3285 1600 et
3318 1547 3421 1599 mnl
3446 1548 3513 1610 τέ,

1944 1640 1998 1685 ct
2029 1632 2218 1700 sequi;
2251 1648 2394 1688 nunc
2425 1643 2613 1686 contra
2649 1648 2872 1702 prorsus.
2918 1637 3180 1690 evenisse.
3219 1633 3332 1688 Sibi
3371 1620 3514 1700 enim

1943 1723 2280 1787 nuntiatum,
2341 1725 2518 1794 ipsum
2565 1740 2781 1794 quoque
2830 1739 3112 1778 assensum
3161 1725 3245 1789 iis,
3301 1741 3419 1794 qua:
3452 1728 3518 1779 de

1944 1831 2077 1886 pace
2107 1831 2231 1870 cum
2272 1817 2659 1871 Cantacuzeuo
2689 1817 3037 1884 suscipienda
3083 1817 3355 1887 disputata
3399 1819 3518 1871 l‘ue-

1945 1908 2076 1962 rint.
2121 1907 2178 1962 ld
2209 1908 2352 1978 quod
2381 1925 2488 1962 non
2536 1909 2810 1969 debuerit.
2850 1924 2972 1964 cum
3016 1907 3325 1966 indubitate
3359 1911 3516 1971 sciat,

1942 1999 2052 2054 nisi
2083 1999 2199 2068 ipse
2250 2001 2450 2054 bellum
2494 2001 2760 2056 adversus
2815 2001 3283 2067 Cantacuzenum,
3335 2001 3519 2055 multis

1943 2091 2150 2147 ideirco
2208 2093 2444 2163 negoriis
2477 2093 2796 2163 implicitus,
2854 2103 2908 2148 et
2943 2095 3198 2150 omnibus
3246 2095 3518 2150 machinis

1945 2185 2168 2256 tentatis
2213 2184 2633 2248 introduxis‘et,
2663 2187 2986 2256 jampridem
3016 2202 3082 2242 eo
3133 2187 3328 2256 cjecto,
3361 2186 3520 2241 Palao

1942 2254 2085 2327 niam
2147 2273 2201 2327 in
2270 2273 2390 2343 ejus
2453 2277 2648 2330 throno
2709 2277 3101 2346 patriarchico‘
3143 2277 3517 2332 collocandum

1944 2363 2135 2421 fuisse.
2169 2364 2323 2420 Nunc
2356 2376 2711 2437 praeterquam
2741 2369 2885 2438 quod
2916 2369 3172 2425 Ecclesiae
3205 2369 3517 2440 praesideat,

1942 2456 2105 2511 etiam
2151 2457 2462 2526 reipublicae
2508 2473 2629 2514 esse
2675 2459 2962 2514 dominum
3019 2469 3324 2531 spectatum
3374 2460 3520 2514 inter

1944 2546 2218 2603 Romanos
2247 2562 2460 2610 omnes,
2483 2561 2803 2620 patremque
2825 2568 2890 2608 ac
2917 2561 3148 2607 tutorem
3173 2551 3519 2623 imperatoris

1942 2639 2294 2709 appellatum,
2351 2656 2472 2710 qua:
2517 2645 2876 2712 perpendere,
2935 2659 3038 2699 nec
3101 2645 3230 2702 dum
3286 2645 3518 2698 aliorum

1941 2732 2202 2801 qmeritur
2248 2733 2474 2800 uilitas,
2531 2735 2760 2790 salutem
2791 2738 3069 2807 propriam
3120 2738 3174 2791 in
3230 2737 3524 2807 postremis

1942 2839 2230 2880 numerare
2293 2829 2613 2895 oportuerit.
2667 2828 2804 2883 Nam
2875 2839 3002 2884 ante
3055 2829 3278 2895 bellum,
3320 2828 3518 2898 inquit,

1944 2929 2116 2984 usque
2143 2918 2209 2968 ad
2230 2917 2726 2972 exauctoraionem
2771 2927 2918 2973 tuam
2939 2919 3355 2974 Caularuzcnus
3379 2919 3516 2973 iram

1943 3008 2294 3064 extendisset.
2329 3010 2468 3073 Jam,
2503 3010 2629 3080 quia
2683 3020 2788 3065 tam
2827 3011 2990 3082 596
3031 3013 3200 3066 multa
3231 3021 3519 3068 conluuieL

1943 3096 2080 3152 liosa
2132 3108 2187 3153 et
2229 3104 2411 3169 gravia
2463 3110 2513 3156 te
2547 3117 2765 3172 quoque
2806 3104 3138 3158 allahorante
3179 3119 3371 3174 passus
3410 3115 3516 3170 ιει,

1943 3204 2074 3243 cave
2125 3189 2405 3246 existimes
2436 3231 2452 3256 ,
2512 3202 2782 3247 tantarum
2831 3194 3156 3264 injuriarum
3221 3198 3515 3250 humanam

1942 3281 2180 3350 aliquam
2239 3297 2304 3338 ac
2350 3284 2711 3348 tolerabilem,
2746 3287 2878 3357 quin
2931 3289 3114 3358 potius
3149 3298 3296 3342 tuam
3345 3287 3518 3358 ipsius

1943 3373 2358 3443 ignominiosam
2426 3391 2641 3444 necem,
2689 3387 2744 3433 et
2791 3379 3011 3444 geneiis
3058 3379 3224 3434 totius
3269 3379 3517 3434 exsilium

1941 3479 2158 3535 plenam
2190 3467 2324 3523 fore.
2359 3467 2449 3522 Sic
2483 3469 2626 3522 enim
2671 3471 2823 3524 multi
2857 3470 2985 3526 inde
3011 3472 3076 3526 ad
3105 3487 3206 3527 nos
3239 3473 3521 3526 venientes

1941 3569 2166 3614 narrant
2199 3576 2325 3614 eum
2357 3561 2412 3614 in
2455 3578 2576 3627 nos,
2610 3577 2642 3618 a
2669 3563 2869 3631 quibus
2898 3573 2982 3618 est
3031 3565 3173 3618 bello
3206 3564 3517 3629 lacessitus,

1941 3647 2167 3702 immani
2202 3651 2329 3705 odio
2367 3651 2616 3721 ﬂagrare.
2658 3655 3022 3718 Quamobrem
3065 3655 3198 3709 mihi
3247 3655 3518 3710 sententia

1941 3751 2026 3794 est
2071 3741 2218 3793 illum
2250 3757 2566 3812 Oppugnare
2597 3755 2876 3814 perpetuo,
2925 3755 2982 3800 et
3037 3755 3088 3800 te
3140 3746 3283 3800 idem
3337 3747 3520 3802 facere

1942 3830 2104 3898 cupio
2145 3847 2470 3900 moneoque,
2505 3850 2572 3889 ne
2619 3836 2779 3905 longe
2810 3837 3008 3906 positis
3041 3836 3286 3906 nihilque
3330 3838 3517 3908 profu-

1945 3931 2080 3976 tur.s
2104 3925 2320 3978 curiose
2343 3935 2396 3980 te
2422 3925 2754 3990 immisceas.
2785 3929 2879 3982 sed
2900 3931 3175 3998 quomodo
3196 3932 3516 4000 nosmetipsi

1943 4027 2228 4067 servemur
2297 4015 2626 4084 provideas,
2692 4018 2838 4086 quod
2903 4017 3121 4087 quidem
3188 4019 3346 4074 aliter
3409 4036 3520 4074 non

1941 4106 2145 4172 licebit,
2182 4109 2284 4163 nisi
2325 4110 2527 4165 bellum
2561 4112 2704 4168 istuc
2741 4115 3066 4169 continuum
3097 4129 3219 4168 esse
3241 4113 3520 4168 studueri~

1944 4212 2084 4256 inus.
2115 4199 2248 4254 Nam
2281 4217 2384 4270 pax
2422 4202 2526 4258 ista
2553 4219 2674 4272 qua:
2718 4205 2939 4271 dicitur,
2984 4205 3118 4260 mihi
3148 4206 3329 4267 crede,
3381 4203 3518 4258 nihil

1942 4301 2025 4344 est
2055 4291 2201 4346 aliud
2225 4309 2384 4363 quam
2405 4303 2458 4350 et
2489 4307 2765 4356 neStra.et
2796 4298 3030 4353 ﬁliorum
3053 4297 3512 4368 propinquorum-

1942 4401 2048 4455 que
2096 4398 2411 4444 nostrorum
2466 4392 2769 4446 certissima
2802 4393 3055 4462 perditio.
3119 4392 3230 4447 lloc
3261 4404 3510 4447 sermone

1901 4498 1906 4502 -
1945 4480 2312 4547 patriarcham
2340 4497 2442 4536 nec
2478 4484 2652 4553 ipsum
2697 4499 2887 4553 pacem
2928 4485 3084 4539 valde
3122 4484 3511 4554 suspirantem,

1945 4573 2038 4628 sed
2065 4574 2294 4629 aliorum
2326 4576 2538 4645 placitis
2577 4582 2884 4632 necessario
2913 4579 3300 4649 suﬂ'ragantem
3335 4574 3502 4645 cepit.

1947 4665 2152 4719 Deinde
2169 4666 2569 4736 imperatricem
2588 4684 2806 4736 quoque
2830 4685 2926 4742 per
2950 4671 3185 4740 legatum
3204 4671 3501 4740 appellans,

1945 4757 2302 4814 vehementer
2347 4774 2404 4813 se.
2432 4761 2613 4814 mirari
2641 4761 2798 4824 dixit,
2847 4764 2973 4831 quid
3015 4765 3119 4818 hoc
3165 4777 3332 4829 esset,
3371 4762 3516 4832 quod

1944 4864 2066 4903 cum
2099 4850 2219 4919 ipsc
2249 4866 2350 4921 pro
2387 4851 2477 4905 illa
2517 4861 2572 4907 et
2618 4853 2806 4908 liberis
2837 4853 2956 4922 eius
2991 4855 3196 4908 nullum
3226 4856 3520 4925 periculum

1946 4941 2365 5012 molestiamque
2411 4943 2793 5011 detrectasset,
2846 4961 2954 4999 non
3019 4946 3154 5016 ipsis
3199 4949 3373 5002 visum
3429 4947 3519 5014 sit,

1943 5050 2042 5104 pro
2099 5050 2159 5090 se
2210 5046 2265 5091 et
2334 5037 2644 5106 patriarcha
2692 5041 2932 5094 tutandis
2973 5039 3214 5094 vicissim
3247 5039 3400 5093 eniti.
3456 5041 3525 5095 Se

1945 5128 2148 5198 quippe
2181 5130 2365 5183 statim
2395 5138 2453 5183 ut
2478 5129 2805 5193 observarit,
2862 5129 3309 5183 Cantacuzenum
3348 5131 3524 5199 impe-

1945 5231 2128 5275 ratore
2155 5232 2392 5288 mortuo,
2431 5223 2617 5292 iniqua
2648 5231 2705 5276 et
2741 5223 2977 5276 \iulenla
3006 5238 3241 5292 coquere
3268 5223 3518 5288 consilia,

1945 5315 2190 5383 velleque
2259 5317 2432 5386 ipsam
2497 5331 2623 5371 cum
2688 5317 2812 5372 ﬁliis
2860 5333 2972 5372 non
3025 5317 3256 5388 imperio
3313 5327 3521 5372 tantum

1944 5406 2202 5476 dejicere,
2257 5409 2349 5462 sed
2382 5408 2490 5463 vita
2538 5425 2754 5479 quoque
2788 5426 3006 5476 exuere,
3071 5412 3285 5467 tametsi
3339 5413 3524 5468 multis

1944 5507 2103 5551 antea
2133 5497 2416 5552 beneﬁciis
2447 5502 2517 5552 ab
2572 5515 2637 5553 eo
2665 5500 2940 5562 allectum,
2981 5511 3145 5570 atque
3195 5503 3259 5555 ad
3291 5503 3519 5572 gratiam

1943 5588 2141 5656 quovis
2166 5589 2482 5644 discrimine
2515 5593 2634 5658 ejus
2674 5606 2837 5644 causa
2864 5593 3153 5646 subeundo
3177 5594 3518 5648 refert-udam

1943 5682 2263 5752 obligatum,
2318 5683 2579 5736 maluisse
2614 5699 2709 5751 pro
2770 5683 2904 5753 ipsis
2957 5685 3271 5755 periculose
3316 5688 3517 5751 facere,

1942 5785 2104 5846 quam
2140 5777 2348 5845 primos
2375 5778 2515 5846 apud
2547 5777 2696 5830 illum
2728 5779 2962 5834 honores
2991 5779 3242 5850 adipisci,
3268 5796 3521 5835 exsecra-

1946 5879 2059 5926 tum
2093 5869 2300 5925 sciliret
2355 5869 2727 5942 improborum
2755 5875 3197 5931 communionem
3228 5874 3517 5942 factorum,
