3962 6644
365 376 507 442 H35

1554 362 1877 426 JOANNIS
1920 363 2445 443 (ZAN'I‘ACUZENI

3487 371 3618 438 1136

426 499 478 548 et
508 505 718 561 poenam
752 482 1184 561 continuandum.
1219 480 1352 561 item
1384 478 1446 532 de
1474 480 1523 561 ei
1551 475 2107 561 excommunicationi:
2138 474 2366 561 disserit.
2398 477 2794 561 Concludittces
2832 480 3099 535 malorum
3128 481 3370 535 omnium
3406 498 3621 536 causam

438 547 716 626 exstitisse,
747 565 795 611 et
824 554 1100 626 imperium
1133 552 1355 614 ambire,
1388 550 1633 621 pacisque
1662 561 1923 601 summum
1940 547 2261 600 desiderium
2291 548 2461 603 denuo
2484 551 2771 621 signiﬁcat.

432 676 651 735 Auditis
712 675 1017 745 legatorum
1073 666 1686 741 verbis,perlectisque
1717 662 1936 728 litteris,

2118 664 2379 728 Βασιλεὺς
2414 665 2472 719 δὲ
2520 667 2639 721 ἐπεὶ
2697 668 2807 721 τῶν
2857 685 2919 721 τε
2970 668 3150 737 λόγων
3204 672 3396 742 ἦκουε,
3426 672 3522 723 καί
3556 672 3624 725 τὰ

360 771 431 828 ad
456 785 631 842 nugas
670 767 783 823 illic
814 765 1024 837 positas
1054 765 1111 819 in
1153 764 1323 818 risum
1352 761 1566 817 solutus
1614 756 1933 827 imperator,

363 874 477 919 tum
498 860 718 932 quidem
746 874 842 915 eos
899 859 965 912 ad
1000 872 1201 927 corpus
1250 855 1393 919 cibo,
1430 868 1494 908 ac
1526 865 1720 907 somno
1768 850 1821 903 in
1853 848 1937 902 di-

364 956 607 1012 versorio
646 950 1005 1008 reﬁciendum
1039 947 1286 1003 dimittit.
1321 946 1417 1001 Die
1443 944 1620 1001 altero
1650 939 1884 997 concilio
1904 952 1936 993 e

362 1046 728 1118 praesentibus
752 1043 868 1101 suis
890 1050 1107 1103 coacto,
1137 1040 1347 1110 legatos
1394 1037 1562 1091 etiam
1597 1034 1851 1095 advocat,
1873 1045 1937 1085 ac

363 1140 683 1210 priusquam
714 1135 796 1193 eis
854 1133 1175 1203 respondet,
1218 1146 1441 1185 causam
1479 1144 1659 1191 suam,
1692 1127 1759 1182 ad
1788 1140 1937 1194 quae-

359 1229 596 1284 stionem
636 1224 707 1282 de
737 1240 802 1280 ea
835 1222 1204 1279 exercendam
1257 1223 1315 1274 in
1372 1217 1616 1273 medium
1658 1214 1932 1286 proponit.

362 1319 662 1390 lnquiritur
711 1317 768 1372 in
822 1326 942 1371 acta
991 1316 1112 1386 ejus
1165 1313 1381 1374 omnia,
1435 1319 1558 1380 post
1636 1304 1935 1363 Andronici

362 1410 711 1482 imperatoris
737 1408 948 1464 obitum
983 1426 997 1462 :
1032 1416 1086 1462 et
1147 1405 1338 1475 legatis
1372 1403 1702 1469 Ostenditur,
1743 1401 1934 1471 probe,

358 1504 526 1574 iuste,
563 1510 615 1556 et
664 1516 788 1555 cum
841 1514 1056 1555 summa
1117 1510 1232 1552 tum
1280 1497 1516 1551 filiorum
1566 1493 1934 1564 impecatoris,

364 1603 479 1649 tum
566 1588 947 1647 Romanorum
1007 1589 1253 1644 omnium
1315 1588 1554 1642 utilitate
1616 1585 1935 1655 reipublicte

364 1686 670 1757 praefuisse.
726 1682 893 1740 lubet
928 1684 1062 1739 item
1119 1698 1216 1739 eos
1246 1682 1518 1751 intrepide
1565 1679 1833 1751 proferre,
1889 1675 1937 1732 si

362 1777 499 1852 quid
524 1778 795 1834 haberent
826 1770 1254 1846 reprehendere.
1290 1785 1349 1830 ut
1391 1774 1660 1829 rationem
1688 1771 1935 1828 ninnium

366 1870 701 1925 redditurus.
738 1868 847 1924 Illis
881 1869 1132 1939 quaedam
1191 1868 1391 1921 horum
1438 1874 1497 1920 ut
1529 1866 1735 1933 injusta
1767 1877 1936 1917 accu-

362 1962 633 2027 santibus,
666 1960 735 2015 ad
769 1959 981 2031 singula
1020 1959 1337 2030 respondet.
1362 1957 1417 2012 ln
1451 1959 1555 2013 ista
1588 1957 1803 2012 actione
1837 1968 1934 2009 sex

2044 756 2352 825 γράμματα
2380 758 2617 825 ἀνέγνω,
2650 760 2787 828 πρὸς
2818 762 2947 823 τοὺς
2998 763 3497 832 ἐγγεγραμμένους
3522 764 3623 832 λή-

2045 862 2172 916 ρους
2193 847 2495 918 διαχυθεὶς,
2525 848 2623 902 νῦν
2680 850 2779 919 μὲν
2808 852 3014 904 ἀπέλυε
3043 852 3173 914 τοὺς
3198 853 3467 922 πρέσϐεις
3488 855 3623 905 ἁνα-

2042 939 2257 1009 παύλης
2286 940 2431 1003 τινος
2486 942 2675 1012 τυχεῖν
2708 942 2794 1012 ἐφ’
2832 938 2899 1014 ἦς
2934 943 3240 1014 ἐξενίζοντο
3277 944 3493 1005 οἰκίαςο
3543 948 3621 1006 εἰς

2043 1031 2141 1102 τὴν
2178 1032 2474 1103 ὑστεραίαν
2503 1033 2559 1086 δὲ
2589 1033 2889 1102 ἐκκλησίαν
2913 1036 2978 1089 ἐκ
3004 1037 3115 1089 τῶν
3148 1038 3439 1108 παρόντων
3470 1053 3621 1105 ποιη-

2045 1123 2303 1191 σάμενος,
2346 1124 2701 1193 μετεκαλεῖτο
2725 1124 2819 1178 καὶ
2852 1125 2980 1189 τοὺς
3019 1125 3307 1196 πρέσϐεις.
3354 1128 3467 1180 Καὶ
3496 1132 3621 1196 πρὶν

2042 1213 2340 1281 ἀπολογίαν
2369 1215 2492 1269 τινὰ
2516 1218 2644 1285 περὶ
2676 1208 2753 1269 ὧν
2782 1216 3124 1284 ἐπρέσϐευον
3158 1218 3520 1287 ποιήσασθαι,
3555 1223 3623 1271 τε

2043 1302 2168 1355 κατ’
2199 1302 2362 1355 αὑτὸν
2388 1305 2468 1365 εἰς
2499 1302 2665 1373 μέσον
2704 1303 2988 1373 προύτίθει
3020 1306 3273 1376 ἐρευνᾷν.
3305 1305 3415 1357 Καὶ
3445 1306 3625 1359 uina

2044 1395 2337 1464 ἐξητάζετο
2379 1396 2518 1463 μετά
2570 1396 2670 1467 τὴν
2725 1394 2996 1464 βασιλέως
3052 1396 3340 1466 τελευτὴν,
3389 1398 3485 1464 ἐφ’
3544 1390 3621 1458 ei;

2043 1487 2400 1541 ἀπεδείκνυεν
2450 1487 2615 1540 αὐτὸν
2671 1489 2763 1540 ἐπὶ
2814 1487 2926 1541 τῶν
2984 1488 3271 1560 πρέσϐεων
3321 1490 3499 1559 ὀρθῶς
3536 1491 3624 1541 καὶ

2043 1580 2293 1645 δικαίως,
2325 1582 2423 1634 καὶ
2456 1584 2567 1644 τοῖς
2596 1597 2653 1634 τε
2681 1580 2947 1650 βασιλέως
2977 1584 3156 1644 παισὶ,
3194 1585 3422 1646 καὶτοῖς

2045 1672 2219 1727 ἅπασι
2269 1672 2566 1742 Ῥωμαίοις
2612 1673 2851 1742 μάλιστα
2879 1672 3173 1736 λυσιτελῶς
3205 1674 3620 1743 πεπολιτευμέ-

2042 1781 2153 1818 νον.
2197 1764 2451 1817 Ἐκέλευό
2498 1781 2562 1817 τε
2598 1765 2693 1817 καὶ
2721 1764 2849 1827 τοὺς
2890 1763 3155 1835 πρέσϐεις
3195 1766 3386 1828 ἀδεῶς.
3414 1766 3619 1832 λέγειν,

2043 1857 2172 1909 εἴτι
2212 1857 2390 1927 ἔχοιεν
2423 1859 2776 1927 κατηγορεῖν,
2809 1858 2883 1919 ὼς
2912 1857 3071 1926 λόγον
3099 1859 3241 1928 ὑπὲρ
3263 1864 3485 1911 παντων
3516 1876 3624 1910 ποι-

2046 1949 2337 2019 ησόμενος.
2375 1950 2485 2002 Καὶ
2520 1949 2608 2001 ἐπ’
2642 1949 2809 2010 ἐνίοις
2862 1950 3265 2018 ἀντιλεγόντων,
3310 1954 3405 2002 καὶ
3462 1953 3623 2017 ἐγκα-

363 2052 626 2124 delnceps
668 2052 789 2109 dies
839 2026 1060 2108 contriti
1112 2026 1283 2116 sunt;
1348 2050 1710 2120 pluribusque
1769 2060 1936 2117 argu-

2040 2037 2307 2101 λούντων,
2336 2036 2372 2091 ἀ
2402 2038 2658 2107 ἐνόμιζον
2682 2038 2913 2103 ἀδικεῖν,
2947 2038 3091 2110 ὑπὲρ
3126 2042 3345 2093 πάντων
3389 2042 3623 2092 ἐποιεῖτο

363 2145 568 2201 mentis
623 2152 680 2200 et
741 2143 1165 2213 probationibus
1213 2144 1650 2198 demonstratum
1703 2139 1939 2208 injurias

358 2233 753 2303 imperatorem
832 2235 1114 2303 accepisse
1171 2232 1335 2303 longe
1391 2230 1825 2303 indignissimas,
1881 2236 1939 2284 et

361 2340 620 2396 magnum
650 2324 875 2391 ducem.
900 2325 1148 2395 aliosque
1199 2325 1328 2381 belli
1364 2336 1579 2381 satores
1633 2339 1940 2409 non.syco-

361 2417 597 2489 phantas
629 2416 828 2483 solum,
861 2425 917 2472 et
969 2416 1025 2471 in
1075 2432 1202 2483 eum
1239 2418 1598 2473 vehementer
1664 2419 1936 2490 ingratos,

361 2521 422 2565 et
449 2517 714 2580 quantum
744 2508 851 2564 dici
875 2523 986 2563 non
1005 2518 1186 2579 potest
1206 2510 1545 2577 sceleratos;
1578 2511 1674 2567 sed
1701 2511 1937 2567 caedium

361 2617 602 2673 quoque,
647 2610 703 2657 et
745 2601 1051 2679 servitutis,
1079 2612 1138 2656 et
1185 2616 1557 2657 erumttarum
1601 2604 1936 2674 ingentium,

356 2710 485 2764 quae
510 2694 634 2751 belli
669 2702 916 2762 tempore
938 2692 1222 2748 Romanos
1248 2695 1576 2759 obruerunt,
1615 2695 1937 2765 primariam

357 2800 587 2842 causam
635 2784 938 2840 exstitisse.
971 2784 1101 2840 Post
1148 2784 1296 2840 diem
1356 2795 1574 2840 sextum
1608 2786 1801 2857 legatis
1852 2801 1942 2842 re-

363 2889 626 2947 sponsum
663 2875 798 2930 dare
848 2875 1274 2946 instituenshita
1334 2891 1495 2933 orsus
1527 2886 1634 2934 est.
1658 2878 1819 2935 Nulla
1848 2894 1941 2935 res

356 2976 420 3023 et
459 2967 648 3024 urbem
681 2967 933 3038 populari
969 2978 1216 3025 utentem
1265 2979 1560 3041 potestate,
1598 2984 1656 3027 et
1683 2987 1953 3044 regnum,

362 3073 465 3114 seu
494 3056 870 3120 monarcltiam
902 3059 960 3114 in
992 3059 1184 3130 primis
1217 3069 1325 3115 tam
1349 3061 1508 3117 facile
1537 3064 1757 3129 evertit,
1776 3078 1940 3133 quam

354 3165 393 3206 Δ
417 3149 804 3221 prudentibus,
825 3161 882 3207 et
911 3160 1224 3222 opportune
1242 3152 1661 3211 consulentibus
1682 3156 1934 3213 solitudo.

352 3242 579 3299 Etenim
607 3242 655 3299 si
678 3243 879 3299 talibus
916 3252 1012 3298 aut
1042 3244 1257 3300 civibus
1286 3245 1505 3312 civitas,
1540 3257 1637 3302 aut
1662 3249 1939 3319 praefectis

2044 2126 2217 2196 λόγον.
2272 2128 2448 2182 Τοῦτο
2490 2128 2590 2199 μὲν
2634 2124 2731 2183 οὖν
2781 2130 2862 2192 είς
2924 2130 3097 2202 ἕκτην
3146 2132 3345 2201 ἑφεξῆς
3411 2133 3622 2202 ἡμέραν

2041 2220 2299 2288 ἐτελεῖτο,
2329 2220 2425 2275 καὶ
2452 2221 2540 2276 διὰ
2564 2221 2777 2275 πολλῶν
2812 2222 2920 2275 τῶν
2947 2222 3282 2289 ἀποδείξεων
3314 2225 3386 2277 τά
3415 2225 3620 2293 ἔσχατα

2042 2313 2371 2384 ἠδικημένος
2389 2314 2751 2367 ἀπεδείκνυτο
2770 2315 2799 2366 ό
2819 2314 3097 2385 βασιλεύς.
3116 2315 3252 2380 Auiti:
3281 2316 3341 2368 δέ
3362 2318 3392 2369 ό
3421 2318 3617 2383 μέγας,

2041 2404 2138 2458 καὶ
2184 2404 2234 2458 οι
2257 2404 2416 2460 ἄλλοι
2449 2407 2498 2460 οί
2529 2404 2625 2459 τὸν
2679 2405 2920 2477 πόλεμον
2967 2408 3326 2478 κεκινηκότες
3357 2408 3421 2460 ού
3461 2425 3622 2461 σύκο-

2043 2497 2244 2566 φάνται
2278 2497 2440 2568 μόνον
2470 2498 2567 2552 καὶ
2589 2500 2912 2569 ἀγνώμονες
2939 2500 3126 2564 δεινῶς
3151 2502 3286 2572 περὶ
3315 2502 3507 2567 αὑτὸν,
3534 2503 3623 2554 καὶ

2046 2589 2351 2662 μοχθηρίας
2397 2592 2708 2664 ὑπερϐολὴν
2737 2593 3108 2656 ἐλλελοιπότες
3150 2593 3435 2664 οὐδεμίαν,
3488 2594 3624 2652 ἀλλὰ

2044 2683 2280 2737 καὶτῶν
2321 2685 2498 2752 φόνων
2550 2685 2647 2738 καὶ
2695 2686 2805 2739 τῶν
2838 2685 3315 2757 ἀνδραπώισμῶν,
3370 2689 3470 2741 καὶ
3517 2688 3625 2741 τῶν

2046 2775 2302 2846 μεγάλων
2360 2776 2681 2847 συμφορῶν,
2720 2777 2778 2831 αϊ
2843 2777 3160 2849 Ῥωμαίους
3218 2779 3499 2848 κατέσχον
3529 2782 3625 2831 ἐπὶ

2032 2866 2152 2920 *τῶν
2184 2866 2392 2937 χρόνων
2420 2866 2517 2921 τοῦ
2570 2867 2812 2938 πολέμου
2847 2870 3088 2939 μάλιστα
3115 2868 3432 2924 αἰτιώτατοι
3458 2888 3623 2939 γεγε·

2047 2958 2292 3029 νημένοι.
2322 2960 2491 3015 Μετὰ
2547 2960 2606 3014 δὲ
2636 2961 2735 3032 τὴν
2789 2963 2958 3034 ἕκτην
3021 2963 3158 3034 πρὸς
3183 2964 3285 3035 τὴν
3319 2965 3623 3033 ἀπολογίαν

2043 3052 2343 3108 καθίστατο
2372 3053 2472 3123 τὴν
2494 3056 2627 3124 περὶ
2648 3056 2748 3125 τῆς
2780 3056 3097 3128 πρεσϐείας,
3129 3058 3223 3110 καὶ
3262 3053 3388 3111 εἶπε
3417 3059 3621 3113 τοιάδε’

2043 3145 2212 3201 Οὐδὲν
2243 3144 2387 3200 οὕτω
2419 3149 2512 3200 καὶ
2540 3147 2700 3201 πόλιν
2754 3149 3283 3221 δημοκρατουμένην
3315 3151 3414 3204 καὶ
3468 3152 3622 3222 βασι-

2043 3236 2194 3290 λείαν
2266 3238 2491 3307 μάλιστ’
2543 3240 2611 3293 ἂν
2672 3239 2873 3312 ῥαδίως
2928 3242 3223 3295 καταλύειν
3266 3242 3512 3310 δύναιτο,
3546 3242 3622 3306 ὡς

354 3348 591 3405 regnum
615 3334 1000 3402 abundaverit,
1035 3336 1287 3405 quamvis
1318 3351 1446 3392 casu
1492 3340 1727 3409 quodam
1755 3341 1935 3395 oll‘en-

2044 3330 2255 3400 ἀνδρῶν
2282 3333 2524 3386 ἀπουσία
2555 3333 2795 3386 συνετῶν
2825 3334 2919 3385 καὶ
2952 3333 3019 3387 τὰ
3063 3333 3250 3388 δέοντα
3293 3334 3623 3405 βουλευομέ-

350 3426 568 3493 derint,
624 3440 793 3496 parvo
840 3427 1065 3497 negotio
1117 3427 1185 3482 ad
1244 3428 1535 3498 pristinam
1619 3431 1938 3488 felicitatem

300 3576 307 3583 κ
355 3515 613 3574 revocari
681 3525 965 3588 poterunt.
1026 3516 1125 3573 Sin
1152 3526 1337 3574 autem
1391 3519 1528 3576 tales
1579 3523 1728 3578 viros
1771 3523 1938 3579 semel

349 3608 673 3675 amiserint,
706 3609 870 3681 802
902 3609 1041 3665 nihil
1071 3609 1324 3680 proiecto
1356 3612 1617 3681 celerem,
1652 3624 1709 3669 et
1758 3623 1940 3671 extre-

356 3715 511 3764 .mam
595 3714 789 3755 eorum
864 3700 1145 3758 miseriam
1219 3704 1606 3760 remorabitur.
1672 3706 1939 3773 Quocirca

358 3793 671 3848 Romanum
718 3793 1008 3864 imperium
1036 3808 1139 3866 ego
1178 3796 1555 3868 maximopere
1584 3798 1766 3871 lugeo,
1793 3802 1937 3869 quod

362 3884 550 3947 multis
580 3895 739 3941 antea
773 3885 907 3942 viris
960 3887 1384 3944 admirabilibus
1411 3886 1741 3958 abundans,’
1775 3896 1939 3950 modo

361 3978 547 4033 omnia
579 3976 902 4045 conﬁciens,
938 3986 995 4034 et
1039 3994 1376 4037 consumens
1407 3990 1655 4039 vetustas
1686 3998 1753 4040 eo
1782 3986 1940 4041 rede-

360 4068 460 4140 git,
496 4078 556 4124 ut
586 4084 859 4127 summam
889 4071 1012 4153 ejus
1042 4081 1285 4138 teneant,
1314 4089 1458 4144 quos
1483 4089 1515 4130 e
1552 4076 1738 4131 medio
1762 4076 1938 4148 impe-

363 4162 481 4218 ritae
511 4160 812 4232 plebecula:
838 4161 1108 4231 prodiisse
1134 4163 1309 4221 dicas.
1341 4165 1483 4221 Nam
1516 4181 1686 4237 super
1734 4168 1938 4225 talibus

363 4253 690 4323 legationem
720 4253 964 4317 mittere,
989 4263 1046 4309 et
1068 4253 1138 4309 ad
1167 4270 1257 4310 me
1286 4256 1529 4323 mittere,
1548 4259 1644 4329 qui
1682 4260 1818 4331 ipsis
1844 4261 1936 4316 diu

359 4345 473 4413 jam
485 4344 834 4415 imperavi,et
847 4344 1007 4415 cujus
1026 4343 1190 4415 (absit
1210 4348 1373 4402 verbo
1387 4349 1619 4422 invidia)
1649 4352 1737 4409 vel
1763 4353 1937 4423 placi-

364 4436 520 4492 diore
550 4444 779 4506 aspectu
815 4434 1044 4505 dignati,
1074 4436 1131 4490 in
1162 4438 1301 4493 cmlo
1339 4439 1448 4493 sibi
1490 4455 1612 4496 esse
1670 4443 1937 4499 videban-

365 4537 494 4582 tur:
530 4525 730 4583 deinde
758 4525 897 4581 nihil
929 4541 1108 4596 neque
1162 4529 1539 4598 anquirentes,
1593 4548 1775 4605 neque
1824 4536 1936 4590 cir~

365 4618 815 4689 cumspicientes,
876 4619 1014 4674 adeo
1093 4619 1430 4687 inconsulto,
1487 4632 1543 4678 et
1596 4628 1937 4685 conﬁdenter

2041 3441 2171 3477 νων.
2202 3424 2267 3477 Εἰ
2329 3424 2430 3493 μὲν
2458 3426 2571 3495 γὰρ
2620 3426 2946 3496 τοιούτωνῆ
3000 3426 3234 3479 πολιτῶν
3291 3430 3324 3498 η
3357 3428 3535 3491 πόλις,
3586 3429 3619 3496 ἢ

2040 3517 2318 3589 ἀρχόντων
2350 3520 2383 3590 η
2413 3518 2668 3590 βασιλεία
2700 3520 2988 3589 εύποροίη,
3024 3518 3131 3591 κᾷν
3159 3522 3299 3591 τύχῃ
3332 3521 3445 3573 τινὶ
3482 3537 3622 3588 σφα.

2039 3610 2195 3674 λῶσι,
2232 3610 2431 3681 ῥᾳδίως
2457 3611 2696 3684 δύναιντ’
2720 3611 2786 3664 ἂν
2817 3610 3193 3677 ἐπανασώξειν
3219 3615 3321 3684 τὴν
3347 3613 3623 3684 προτέραν

2037 3700 2211 3770 τύχην
2236 3717 2251 3734 ο
2286 3701 2354 3754 ἂν
2406 3701 2452 3755 δ’
2482 3681 2632 3768 ἅπαξ
2684 3703 3104 3774 ἀποπερηθῶσι
3159 3681 3287 3758 τῶν*
3339 3681 3655 3771 termitem.

2039 3791 2195 3845 οὐδὲν
2227 3792 2384 3845 ἔσται
2436 3775 2669 3862 κ’ὧλυμα
2707 3794 2782 3864 μὴ
2813 3794 2895 3855 είς
2946 3793 3176 3865 ἔσχατον
3227 3794 3621 3863 κακοπραγίας
3646 3778 3663 3813 ³

2038 3883 2271 3953 τάχιστα
2299 3883 2552 3955 ἀφῖχθαι.
2588 3885 2656 3938 Ὀ
2684 3884 2780 3938 νῦν
2796 3884 2908 3955 ἐγὼ
2932 3884 3031 3956 τὴν
3064 3884 3357 3956 Ῥωμαίων
3385 3887 3619 3957 μάλιστα

2038 3976 2306 4048 ὀδύρομαι
2357 3978 2681 4047 ἠγεμονίαν,
2733 3978 2819 4032 ὅτι
2881 3977 3098 4031 πολλῶν
3146 3980 3241 4033 καὶ
3297 3979 3619 4050 θαυμασίων
3672 3968 3692 3999 λ

2041 4068 2250 4139 ἀνδρῶν
2297 4068 2565 4139 πρότερον
2592 4069 2956 4141 εὐποροῦσαν,
2989 4068 3088 4123 νῦν
3141 4072 3222 4134 είς
3270 4069 3436 4124 τοῦτο
3462 4087 3617 4142 περι-

2000 4178 2009 4186 '
2039 4166 2271 4233 ἔστησεν
2296 4165 2324 4216 ὁ
2351 4163 2532 4217 πάντα
2570 4150 2860 4216 καταλύων
2882 4161 3097 4234 χρόνος,
3130 4162 3277 4217 ὥστε
3331 4165 3609 4234 ἡγεμόνας

2036 4256 2147 4309 τῶν
2176 4255 2524 4324 πραγμάτων
2559 4255 2709 4327 ἔχειν
2771 4254 2940 4327 μηδὲν
2989 4254 3215 4327 ἄμεινον
3254 4256 3368 4311 τῶν
3406 4258 3612 4311 πολλῶν

2036 4348 2438 4417 διακειμένους.
2482 4348 2556 4401 Τὸ
2595 4348 2705 4420 γάρ
2746 4348 2888 4419 ὑπὲρ
2936 4348 3274 4419 τηλικούτων
3320 4351 3611 4421 πρεσϐείαν

2038 4442 2414 4512 ποιουμένους,
2449 4443 2544 4494 καὶ
2579 4444 2714 4512 πρὸς
2741 4443 2839 4513 ἐμὲ
2856 4442 2949 4496 τὸν
2976 4443 3143 4496 πολὺν
3173 4443 3275 4514 ἤδη
3299 4446 3493 4515 χρόνον
3518 4444 3615 4511 ἀρ-

2039 4533 2207 4599 ξαντα
2247 4534 2448 4599 αύτὼν,
2495 4536 2592 4589 καλ⁸
2616 4528 2678 4588 οὗ
2726 4538 2776 4588 εί
2823 4535 2897 4606 μὴ
2943 4537 3234 4605 ἐπίφθονον
3271 4539 3471 4602 εἰπεῖν,
3524 4537 3614 4591 καὶ

2040 4625 2357 4697 βλέμματος
2414 4625 2712 4678 ἀπολαύειν
2738 4624 3051 4696 προσηνοῦς
3102 4627 3160 4679 ἐν
3187 4626 3455 4697 μεγίστης
3482 4622 3613 4697 ἦγον

363 4710 629 4781 quidquid
667 4710 722 4764 in
754 4710 980 4766 buccam
1009 4711 1162 4766 venit
1189 4714 1456 4781 scribere,
1491 4730 1601 4770 non
1658 4728 1768 4773 tam
1800 4722 1927 4787 illis,

2040 4715 2293 4786 εὐτυχίας
2348 4717 2529 4786 μέρει,
2559 4716 2750 4769 ἔπειτα
2811 4716 2979 4786 μηδὲν
3013 4718 3150 4787 μήτε
3183 4719 3606 4789 ἐρευνήσαντας,

362 4797 511 4867 quod
543 4812 603 4854 se
634 4797 861 4869 dignum
884 4807 966 4854 est
1030 4799 1385 4870 l’acietttihus,
1419 4805 1696 4875 quispiam
1746 4826 1938 4881 reprc-

2045 4811 2182 4880 μήτε
2208 4809 2584 4878 σκεψαμένους
2597 4807 2771 4872 οὕτως
2789 4809 3212 4879 ἀπερισκέπτως
3253 4811 3349 4864 καὶ
3375 4809 3607 4880 θρασέως

365 4889 640 4957 ltenderit,
665 4907 827 4961 quam
856 4892 1069 4948 illustre
1097 4892 1272 4963 prius,
1304 4905 1360 4951 et
1408 4897 1631 4955 beatum
1660 4901 1936 4960 Romano-

2040 4903 2109 4957 τά
2139 4902 2440 4956 ἐπελθόντα
2470 4903 2727 4973 γράφειν,
2782 4901 2883 4955 ούκ
2939 4903 3166 4955 ἐκείνων
3191 4903 3408 4972 μάλιστ’
3441 4904 3506 4956 ἀν
3531 4917 3607 4959 τις

365 4998 481 5037 rum
515 4982 801 5053 imperium
826 5000 974 5039 nunc
999 4985 1068 5040 ab
1093 4986 1429 5058 ltujusmoili,
1466 4994 1602 5061 proli
1634 4994 1807 5051 Deum
1838 4997 1936 5051 im-

2043 4998 2449 5067 κατηγορήσειε
2492 4997 2842 5067 προσήκοντα
2887 4997 3270 5067 εἰργασμένων
3309 4991 3601 5062 ἐαυτοῖς,ἧ

363 5076 674 5140 mortalem,
711 5076 998 5147 mancipiis
1058 5077 1425 5149 gubernatum
1473 5082 1774 5143 deﬂeverit.
1829 5087 1936 5143 Sed

2040 5090 2151 5159 ὅσῳ
2212 5090 2313 5158 τὴν
2341 5089 2618 5158 περιφανῆ
2654 5086 2915 5159 πρότερον
2947 5088 3040 5148 καὶ
3088 5086 3290 5157 εὐτυχῆ
3330 5085 3605 5156 Ῥωμαίων

362 5168 430 5224 de
452 5168 561 5225 illis
588 5168 727 5225 nihil
757 5169 936 5226 dicam
962 5172 1218 5241 amplius,
1251 5189 1389 5243 quos
1410 5177 1535 5233 talis
1571 5180 1845 5247 conditio,
1878 5191 1936 5237 et

2041 5181 2340 5252 θρηνήσειν
2392 5179 2717 5251 ἡγεμονίαν,
2756 5181 2861 5233 ὑπὸ
2905 5178 3194 5244 τοιούτοις,
3226 5178 3353 5249 φεῦ,
3415 5179 3603 5247 ἀνδρα-

362 5262 513 5332 pejor
552 5263 716 5317 etiam
749 5261 910 5317 decet
958 5278 975 5317 :
1020 5262 1336 5334 Apocaucbi
1394 5267 1638 5338 pracfecti
1692 5272 1935 5328 cubiculi

360 5367 471 5408 non
498 5353 904 5424 improbitatem
936 5355 1120 5423 modo,
1169 5359 1580 5431 mentiendique
1622 5362 1932 5430 libidinem,

359 5445 456 5502 sed
490 5447 852 5503 temeritatem
888 5463 1108 5519 quoque
1137 5460 1193 5505 et
1220 5451 1619 5522 impudentiam
1646 5454 1931 5524 admiror;

356 5536 473 5606 qui,
497 5537 747 5608 quamvis
777 5553 886 5593 non
920 5541 1106 5611 paucis
1142 5554 1199 5598 et
1234 5544 1596 5614 apertissimis
1662 5549 1930 5620 exemplis

355 5626 764 5683 mendaciorum
795 5630 1050 5688 convinci
1081 5633 1279 5703 possit,
1309 5645 1490 5691 tamen
1508 5651 1577 5694 ne
1613 5635 1817 5696 frustra
1863 5657 1930 5697 ac

356 5718 475 5775 sine
505 5733 670 5773 causa
703 5719 907 5776 bellum
936 5727 1329 5792 commovisse,
1364 5743 1541 5803 neque
1564 5728 1806 5786 inaniter
1837 5731 1927 5787 la-

354 5808 550 5866 borare
589 5809 863 5882 videatur,
891 5811 1093 5870 ﬂuxam
1122 5816 1349 5888 gloriam
1394 5818 1665 5878 dedecore
1696 5823 1754 5879 in
1799 5838 1921 5879 om-

2041 5272 2225 5336 πόδοις
2255 5271 2558 5341 ἀγομένην.
2594 5272 2731 5339 Περὶ
2756 5273 2856 5340 μὲν
2887 5268 2983 5325 οὖν
3007 5270 3236 5324 ἐκείνων
3283 5272 3462 5339 ὀλίγος
3487 5268 3603 5336 ἐμοὶ

2037 5365 2194 5434 λόγος
2229 5365 2565 5438 γένοιτ’ρᾶν,
2596 5363 2823 5417 τοιαῦτα
2862 5365 2957 5417 καὶ
2994 5363 3309 5433 φαυλότερα
3352 5364 3603 5435 πράττειν

2038 5454 2189 5512 οὖσιν
2226 5458 2438 5529 ἀξίοιςίο
2473 5454 2814 5527 Ἀποκαύχου
2846 5456 2902 5511 δὲ
2932 5456 3030 5508 τοῦ
3082 5456 3597 5527 παρακοιμωμένου,

2041 5554 2103 5606 οὑ
2133 5554 2232 5621 τὴν
2289 5551 2598 5623 μοχθηρίαν
2632 5552 2818 5621 μόνον,
2879 5550 3018 5605 ἀλλὰ
3049 5551 3143 5603 καὶ
3170 5552 3272 5619 τὴν
3305 5550 3601 5617 ίταμότητα

2039 5647 2135 5700 καὶ
2163 5646 2262 5714 τὴν
2315 5643 2709 5712 ἀναισχυντίαν
2763 5643 2943 5696 ἔπεισι
3005 5642 3331 5712 θαυμάζειν,
3357 5634 3439 5695 ὅτι
3488 5640 3603 5695 καί-

2043 5755 2126 5791 τοι
2180 5737 2389 5806 μέλλων
2440 5737 2534 5789 ἐπὶ
2591 5736 2866 5789 τοσούτων
2917 5736 3236 5807 ἐλέγχεσθαι
3299 5735 3604 5803 σαφέστατα

2029 5828 2387 5899 Ψευδάμενοιῖι
2421 5829 2573 5900 ὅμως
2605 5829 2699 5883 ἐπὶ
2723 5828 2799 5899 τῷ
2829 5827 2907 5900 μὴ
2938 5828 3114 5882 δοκεῖν
3144 5828 3268 5897 είκῆ
3300 5826 3399 5880 καὶ
3428 5826 3602 5896 μάτην
