3964 6558
431 499 564 569 1139

1622 501 1944 564 JOANNIS
1983 500 2508 567 CANTACUZENI

3554 490 3692 562 Illo

433 635 490 680 ut
527 626 739 696 objecta
770 624 999 678 crimina
1040 622 1279 677 refellam
1321 619 1513 684 libere,
1551 620 1843 690 ipsumque
1880 618 2052 680 tan-1

2158 626 2297 691 qoiv,
2330 624 2562 693 ἄρνησις
2599 621 2783 693 Θεοῦ),
2805 621 2858 674 τί
2897 619 3105 684 λοιπὸν,
3135 621 3168 690 ἦ
3200 617 3340 688 μετά
3376 620 3690 689 παρρησίας

431 730 701 776 tumoesse
739 716 982 788 pcrjurio
1011 713 1356 785 implicitum,
1396 721 1660 782 quantum
1698 727 1787 766 me
1839 712 1906 766 ab
1933 726 2002 766 eo

2158 715 2446 767 πολύεσοαι
2472 713 2542 766 τά
2572 714 2922 784 ἐγκλήματα,
2961 712 3057 766 καὶ
3103 711 3270 764 αὐτὸν
3304 709 3691 764 ἀποδεικνύναι

433 816 742 885 sejunetum
763 811 1128 867 demonstrem
1147 808 1169 860 ?
1187 805 1340 872 Quod
1365 805 1525 877 igitur
1538 804 1728 860 attinet
1745 803 1812 859 ad
1834 805 2008 859 beatae

2158 807 2369 859 δσοῦτον
2398 809 2465 876 τῇ
2511 807 2770 876 ἐπιορκία
2810 805 3160 875 ἐνεχόμενον,
3197 803 3229 871 ἢ
3267 804 3392 855 ὅσον
3448 802 3690 870 ἐμαυτδν

439 906 718 964 memoria:
768 905 1152 973 imperatorem
1200 898 1373 960 illum,
1427 895 1670 952 omnium
1710 896 1846 951 mihi
1875 896 2007 951 cha-

433 998 736 1060 rissimum,
787 1003 842 1050 et
877 995 994 1064 ipsa
1023 992 1200 1046 anima
1234 1005 1354 1044 mea
1393 988 1773 1058 pretiosiorem
1821 989 2005 1059 (quem

436 1097 494 1145 et
523 1091 799 1145 viventem
845 1083 1270 1156 complectebar,
1300 1091 1352 1136 et
1394 1080 1640 1152 quemvis
1693 1096 1791 1150 pro
1832 1095 1896 1136 eo
1932 1081 2010 1135 la-

436 1179 623 1233 borem
653 1174 880 1231 delicias
910 1173 1251 1244 reputabam,
1296 1172 1562 1242 cujusque
1585 1171 1828 1227 defuncti
1851 1171 2012 1227 inde-

436 1268 654 1324 lebilem
711 1265 1030 1321 memoriam
1063 1263 1408 1332 circumfero)
1461 1279 1639 1334 neque
1679 1263 1894 1331 iurasse
1927 1279 2013 1319 me

437 1360 518 1416 illi
570 1359 825 1424 dixerim,
874 1373 1052 1428 neque
1107 1356 1426 1428 peierasse;
1460 1355 1728 1426 siquidem
1765 1371 1835 1412 ne
1878 1357 2012 1428 quid

441 1453 510 1508 de
575 1467 664 1507 me
721 1451 1008 1508 sinistrum
1072 1451 1467 1520 suSpicaretur,
1525 1450 1849 1519 juramentis
1880 1451 2016 1505 meis

2113 898 2348 970 μάλιστα
2407 898 2761 968 ἀφεστηκότα
2791 912 2809 962 ;
2842 897 2988 966 Πρὸς
3040 896 3138 967 μὲν
3192 895 3286 948 οῦν
3325 893 3556 965 βασιλέα
3600 894 3692 945 τὸν

2114 993 2390 1064 μακάριον
2422 993 2634 1046 ἐκεῖνον
2670 990 2763 1043 τὸν
2801 988 2962 1042 πάντ’
3017 987 3140 1058 ἐμοὶ
3177 987 3440 1056 φίλτατον
3466 988 3562 1037 καὶ
3599 1001 3695 1036 κε-

2113 1085 2292 1156 φαλῆς
2348 1084 2677 1155 τιμιώτερον
2711 1084 2922 1153 ἀύτῆς,
2972 1075 3035 1137 οῦ
3085 1083 3178 1134 καὶ
3207 1078 3412 1144 ζῶντος
3457 1078 3697 1147 μάλιστα

2116 1178 2500 1251 περιειλόμην,
2529 1181 2623 1232 καὶ
2656 1177 2836 1231 πάντα
2863 1177 3027 1229 πόνον
3058 1174 3200 1242 ὺπέρ
3233 1171 3448 1226 ἐκείνου
3478 1169 3698 1239 τρυφὴν

2115 1272 2390 1344 ἡγούμην,
2426 1271 2523 1325 καὶ
2564 1270 2704 1342 μετά
2752 1270 2854 1341 τὴν
2889 1267 3150 1337 τελευτὴν
3188 1266 3557 1336 ἀνεπίληστον
3601 1263 3700 1331 τὴν

2121 1364 2345 1436 μνήμην
2371 1362 2682 1434 περιφέρω,
2715 1359 2828 1414 οὔτ’
2864 1358 3218 1430 ὀμωμοκέναι
3252 1355 3424 1426 φαίην
3459 1354 3549 1417 ἂν,
3590 1353 3704 1406 οῦτ⁹

2117 1457 2574 1529 ἐπιωρκηκέναι·
2627 1454 2895 1524 οὐδὲγὰρ
2923 1453 3103 1522 ὅρκων
3153 1449 3348 1519 ἐδεήθη
3405 1446 3566 1508 ποτὲ,
3609 1444 3703 1499 τοῦ

441 1559 723 1613 nunquam
759 1542 1009 1610 iudiguit,
1042 1556 1164 1595 cum
1210 1541 1552 1610 quotidiana:
1605 1543 1852 1597 actiones
1883 1558 2016 1612 meae

2158 1552 2291 1620 ,ηδέν
2331 1549 2538 1617 φαῦλον
2575 1545 2908 1602 ὑποπτεύειν
2937 1545 3102 1597 ἕνεκα
3132 1544 3260 1611 περὶ
3291 1537 3452 1608 ἐμοῦ.
3492 1537 3560 1591 Ai
3596 1535 3705 1604 γὰρ

351 1689 366 1696 ,,
448 1637 518 1691 ad
561 1636 748 1699 ﬁdem,
800 1643 854 1689 et
882 1650 1199 1705 germanum
1231 1649 1469 1688 amorem
1499 1651 1676 1689 meum
1711 1652 1835 1705 erga
1867 1636 2015 1691 illum

2161 1639 2451 1710 αθημέραν
2507 1638 2738 1709 πράξεις
2777 1637 2986 1708 μυρίων
3030 1636 3212 1705 ὅρκων
3249 1628 3393 1703 ἦσαν
3429 1628 3709 1696 ἰσχυρότε-

445 1726 812 1798 prodendum,
845 1726 990 1780 mille
1017 1724 1346 1795 juramentis
1374 1726 1779 1784 antecellerent.
1808 1727 2018 1782 Etenim

2161 1749 2242 1795 αι,
2274 1731 2374 1801 τὴν
2406 1729 2544 1800 πρδς
2577 1731 2788 1782 ἐκεῖνον
2812 1727 2948 1796 ἐμοῦ
2982 1725 3168 1778 πίστιν
3199 1725 3293 1775 καὶ
3325 1721 3514 1790 φιλίαν
3539 1717 3710 1770 καθα-

447 1834 697 1884 noneos,
723 1833 750 1870 a
779 1819 977 1888 quibus
1003 1834 1166 1888 grave
1192 1819 1263 1872 uil
1295 1821 1570 1883 timemus,
1590 1821 1684 1875 sed
1704 1821 1869 1892 604
1894 1822 2021 1891 qui-

2164 1826 2228 1878 ἀν
2243 1822 2627 1878 ἀποδεικνῦσαι
2641 1861 2654 1875 .
2669 1821 2809 1884 Τοὺς
2829 1821 2937 1889 γάρ
2953 1820 3172 1888 ὅρκους,
3191 1815 3252 1867 ού
3272 1811 3402 1880 παρ’
3425 1804 3501 1864 ὧν
3528 1810 3588 1861 δυ
3599 1826 3712 1878 εχε-

446 1911 549 1965 bus
582 1911 819 1966 maxime
848 1911 1149 1965 diffidimus
1170 1913 1236 1966 ad
1255 1912 1548 1981 jurandum
1570 1929 1765 1982 cogere
1790 1929 2022 1968 consue-

2158 1917 2220 1978 ιές
2250 1915 2632 1984 ύποπτεύομεν
2651 1915 2826 1979 ούδέν,
2853 1911 2970 1965 ἀλλ’
2990 1905 3071 1971 οἷς
3102 1909 3340 1979 μάλιστα
3371 1902 3713 1970 ἀπιστοῦμεν

447 2003 650 2058 vimus.
686 2003 808 2056 Non
849 2012 1029 2057 tamen
1100 2014 1387 2072 propterea
1448 2004 1770 2059 criminibus
1792 2021 1876 2060 me
1926 2007 2024 2060 ab-

2164 1975 2406 2081 ίῶθαμεν
2448 1975 2730 2064 ποιεῖσθαι
2789 1975 3298 2075 προσαναγκάζειν.
3341 1998 3421 2051 Ού
3465 1997 3578 2065 μὴν
3625 1994 3715 2046 διὰ

450 2097 589 2152 scivi
653 2096 794 2161 volo,
830 2095 874 2152 si
918 2080 1136 2150 interim
1176 2097 1322 2152 illius
1363 2097 1485 2152 ﬁliis
1533 2106 1656 2168 post
1685 2098 1804 2166 ejus
1832 2115 1862 2154 e
1919 2100 2029 2154 vita

2158 2104 2291 2158 λοῦτο
2311 2080 2684 2173 ἐγκλημάτων
2707 2098 3047 2154 ἀπολύεσθαι
3071 2091 3296 2154 δικαιῶ,
3331 2091 3400 2145 ἂν
3431 2091 3549 2151 τοῖς
3579 2086 3719 2139 ἐκεί-

453 2189 762 2244 diseessum
825 2189 1115 2244 insidiatus
1148 2190 1354 2244 videar.
1395 2190 1654 2262 Perteque
1699 2192 1844 2246 enim
1891 2191 2031 2262 iuju-

2158 2215 2228 2251 που
2261 2197 2548 2266 φαίνωμαι
2577 2193 2734 2248 παισὶ
2795 2192 2934 2262 μετά
2986 2191 3086 2259 τὴν
3134 2186 3398 2254 τελευτὴν
3431 2180 3718 2236 ἐπισεδουο

455 2281 622 2337 stitia:
654 2281 813 2352 culpa
847 2290 1090 2348 tenetur,
1122 2281 1167 2335 si
1192 2281 1313 2350 quis
1345 2279 1636 2350 injuratus,
1666 2291 1724 2336 ut
1745 2281 1790 2337 si
1817 2283 2034 2351 juratus

2158 2288 2369 2353 .ευκώς.
2417 2285 2655 2356 Ὁμοίως
2685 2284 2794 2356 γὰρ
2829 2282 2896 2337 ἄν
2953 2299 3038 2344 τις
3069 2279 3313 2350 ἐνέχοιτο
3347 2278 3463 2337 τοῖς
3516 2272 3719 2340 ἐγκλὴο

456 2373 665 2442 injuste
709 2375 905 2442 egerit.
941 2373 1048 2428 Sed
1091 2375 1194 2428 hoc
1228 2373 1390 2443 quale
1433 2374 1525 2440 sit,
1579 2382 1700 2442 post
1749 2373 2037 2428 refutatio-

2158 2399 2274 2436 ιασι
2295 2381 2395 2453 τῆς
2413 2379 2628 2443 ἀδικίας
2654 2377 2718 2433 ἄν
2741 2372 3137 2446 τ’όμωμοκὼς,
3159 2373 3226 2426 ἀν
3243 2387 3305 2423 τε
3333 2370 3510 2436 χωρὶς
3543 2368 3719 2434 ὅρκων

454 2481 582 2520 nem
611 2464 811 2535 objecti
847 2464 1148 2534 juramenti
1177 2463 1654 2518 considerabimus
1683 2483 1696 2518 :
1736 2481 1882 2519 nunc
1933 2465 2038 2520 hoc

2158 2474 2376 2545 ιδικοίη.
2399 2471 2574 2528 Τοῦτο
2600 2471 2702 2538 μὲν
2725 2467 2818 2523 οῦν
2852 2470 2993 2538 μετά
3026 2467 3134 2522 τῶν
3162 2465 3345 2536 ὅρκων
3377 2461 3476 2530 τὴν
3507 2458 3724 2511 ἀπόδειο

455 2556 638 2626 ipsum
699 2556 1068 2626 patriarcbam
1125 2555 1461 2611 calumniose
1509 2557 1724 2611 mentiri
1757 2557 1863 2622 aio,
1893 2556 2038 2626 quod

2158 2571 2222 2637 ξιν
2252 2568 2606 2636 ἐξετάσομεν.
2640 2563 2782 2619 Νυνὶ
2828 2562 2874 2615 δ’
2932 2560 3064 2614 αὐτὸ
3089 2557 3249 2612 τοῦτο
3292 2553 3597 2624 ψεύδεσθαι
3629 2551 3724 2604 καὶ

460 2665 549 2704 me
581 2649 766 2702 daltun
802 2649 1118 2718 imperatori
1143 2648 1517 2716 juramenlum
1546 2650 1800 2704 habuisse
1825 2649 2040 2703 irritum

461 2740 679 2795 asserit.
707 2737 762 2793 Si
791 2739 1104 2809 juramenta
1144 2735 1411 2808 intelligit,
1444 2755 1565 2810 quae
1602 2741 1934 2810 imperatrici
1983 2751 2039 2796 et

460 2828 776 2901 Imperatori
803 2829 1239 2900 ﬁliojuraverim,
1260 2832 1495 2900 primum
1531 2831 1748 2902 quidem
1777 2847 1878 2887 nec
1910 2833 2044 2902 ipsis

457 2923 665 2993 juravi,
700 2939 825 2978 cum
852 2924 902 2977 id
937 2923 1084 2978 nulla
1115 2923 1414 2978 necessitas
1437 2925 1760 2993 requireret,
1790 2935 1845 2980 et
1869 2927 1935 2980 ad
1959 2941 2046 2980 me

465 3017 874 3074 defendendum
902 3018 1150 3073 eamdem
1209 3019 1512 3073 orationem
1569 3020 1752 3074 valere
1796 3030 2048 3089 oportere

467 3112 618 3174 dico.
661 3130 766 3184 qua
799 3112 865 3168 de
899 3115 1233 3184 imperatore
1259 3129 1389 3168 usus
1446 3127 1566 3168 sum
1619 3129 1633 3167 :
1670 3115 1814 3183 quod
1851 3129 2048 3184 nempe

468 3206 634 3260 etiam
690 3208 808 3261 sine
839 3207 1152 3274 iuramento
1180 3222 1280 3261 nec
1317 3207 1422 3261 illis
1473 3207 1746 3276 quispiam
1798 3207 2048 3262 insidiari

2143 2659 2506 2729 συκοφαντεῖν
2539 2655 2632 2710 τδν
2684 2652 3038 2724 πατριάρχην
3095 2649 3262 2718 φαίην
3312 2646 3379 2700 ἂν
3442 2645 3724 2712 φάσκοντα

2142 2751 2474 2825 ὴθετηκέναι
2533 2751 2663 2812 τοὺς
2693 2746 2832 2818 πρδς
2869 2745 3096 2817 βασιλέα
3129 2743 3352 2813 ὅρκους.
3414 2740 3479 2792 Εἰ
3510 2738 3568 2791 δὲ
3603 2735 3728 2796 τοὺς

2145 2843 2282 2914 πρὸς
2321 2838 2570 2909 βασιλίδα
2604 2837 2756 2905 λέγει
2789 2835 2886 2887 καὶ
2921 2829 3148 2905 βασιλέα
3177 2831 3268 2884 τὸν
3327 2827 3473 2890 υἱὸν,
3513 2826 3731 2894 πρῶτον

2149 2937 2246 3007 μὲν
2277 2933 2385 2988 οὐδ’
2419 2932 2604 2992 αὐτοῖς
2629 2927 2894 3000 πρότερον
2914 2925 3202 2996 όμώμοκα.
3235 2921 3374 2974 Ούδέ
3403 2919 3514 2986 γὰρ
3549 2915 3730 2968 ἐκάλει

2147 3028 2308 3101 χρεία
2344 3043 2449 3090 τις.
2489 3025 2595 3078 Τὸν
2633 3023 2748 3076 ἴσον
2785 3021 2842 3074 δὲ
2865 3020 3027 3086 λόγον
3057 3017 3152 3071 καὶ
3180 3018 3308 3083 περὶ
3336 3013 3522 3066 αὐτῶν
3546 3009 3734 3076 ὥσπερ

2151 3122 2246 3176 καὶ
2276 3121 2406 3190 περὶ
2434 3117 2702 3188 βασιλέως
2730 3114 2879 3184 φημὶ
2907 3113 3116 3166 δίκαιον
3163 3106 3304 3163 εἶναι
3341 3104 3648 3170 σώζεσθαι,
3676 3101 3735 3153 τὺ

2152 3215 2247 3268 καὶ
2272 3212 2444 3283 χωρὶς
2470 3212 2652 3278 ὅρκων
2708 3207 2834 3260 τινὰ
2876 3204 3015 3275 μηδὲ
3055 3203 3238 3263 αὐτοῖς
3269 3199 3478 3264 ἐξεῖναι
3508 3194 3736 3249 ἐπιδου-

471 3306 661 3368 queat,
698 3311 877 3367 neque
929 3298 1160 3368 imperio
1217 3314 1314 3353 eos
1371 3312 1626 3362 movere,
1673 3299 1773 3352 nisi
1825 3299 2052 3354 manife-

2158 3305 2360 3370 λεύειν,
2394 3301 2530 3374 μηδέ
2569 3297 2971 3372 παραιρεῖσθαι
3005 3295 3106 3364 τὴν
3152 3289 3347 3360 ἀρχὴν,
3389 3289 3440 3341 εί
3473 3285 3552 3356 μὴ
3577 3299 3738 3376 φανεῖ

471 3399 618 3444 stum
657 3391 837 3444 scelus
869 3389 1155 3459 designare
1185 3389 1438 3444 voluerit.
1483 3388 1576 3443 Sin
1617 3390 1684 3444 de
1724 3390 2053 3460 juramentis

471 3482 714 3552 loquitur
735 3523 751 3549 ,
793 3497 912 3551 qua:
943 3481 1044 3551 ipsi
1075 3489 1263 3551 postea
1293 3482 1643 3550 (patriarcha:
1680 3482 1924 3551 inquam)
1957 3483 2052 3537 de-

475 3574 674 3636 derim.
699 3573 951 3643 equidem
1001 3574 1280 3628 hominem
1316 3575 1606 3640 reveritus,
1643 3575 1849 3629 nullum
1887 3591 2054 3646 super

477 3667 546 3721 iis
577 3666 803 3722 verbum
838 3665 1002 3720 edere
1051 3665 1438 3736 cogitaveram.
1495 3667 1630 3733 Quia
1679 3684 1808 3723 vero
1841 3669 1959 3740 ipse
1989 3685 2054 3726 ea

476 3761 535 3812 in
593 3774 821 3813 examen
877 3759 1025 3823 cogit
1073 3758 1366 3824 deducere,
1401 3759 1446 3814 si
1492 3761 1662 3832 magis
1697 3761 1823 3816 inde
1873 3763 2053 3833 ipsum

477 3852 754 3922 peierasse
785 3853 1045 3916 docuero,
1074 3854 1129 3906 in
1174 3855 1368 3908 bonam
1402 3863 1610 3924 partem
1643 3857 1894 3926 accipiat.
1943 3857 2056 3928 Ego

479 3961 722 4016 namque
777 3949 984 4000 recenti
1026 3947 1370 4015 imperatoris
1411 3947 1586 4012 obitu,
1645 3963 1768 4002 cum
1817 3949 2057 4005 viderem

480 4054 604 4094 eum
661 4039 730 4094 ad
776 4039 1167 4109 rempublicam
1215 4041 1551 4094 tractandam
1591 4056 1650 4096 se
1705 4041 1970 4112 ingerere,
2007 4052 2056 4097 et

483 4129 789 4185 ambitione
845 4142 1011 4201 atque
1050 4131 1356 4202 imperandi
1417 4133 1586 4202 gloria
1634 4136 1892 4203 prurire;
1958 4150 2062 4190 nec

484 4225 819 4293 ignorarem,
844 4239 1007 4294 quam
1039 4225 1177 4278 nihil
1221 4225 1506 4294 prodesset
1555 4225 1868 4296 hujusmodi
1899 4243 2066 4297 appe-

389 4379 401 4388 _
486 4317 668 4373 titiooi
708 4318 987 4388 indulgere
1017 4318 1264 4387 (multant
1313 4318 1458 4371 enim
1497 4317 1622 4371 inde
1661 4319 2058 4374 discordiarum

485 4426 552 4466 ac
573 4411 906 4466 seditionum
934 4410 1217 4463 materiam
1247 4409 1578 4462 excrituram
1597 4412 2062 4480 praesentiebam),

488 4503 666 4574 palam
713 4512 894 4556 autem
921 4501 1039 4571 ejus
1066 4510 1319 4554 conatum
1357 4501 1650 4571 infringere
1703 4504 2064 4569 invidiosum,

489 4609 556 4647 ac
591 4591 882 4663 tyrannica:
915 4591 1197 4658 cujusdam
1245 4591 1616 4646 aﬂectatiouis
1637 4593 1805 4648 videri
1836 4634 1851 4658 ,
1881 4596 2067 4649 istius—

491 4685 639 4739 modi
677 4683 906 4738 incertis
937 4697 1001 4736 ac
1028 4680 1211 4736 dubiis
1234 4683 1655 4750 cogitationibus
1683 4685 1774 4737 diu
1810 4685 2069 4750 luctatus,

495 4778 716 4834 tandem
751 4777 797 4833 si
827 4792 935 4831 non
962 4776 1296 4845 reipublicae,
1335 4785 1392 4830 at
1445 4787 1592 4832 certe
1632 4777 1881 4833 mihimet
1945 4793 2079 4846 pro-

496 4869 868 4940 spiciendum,
902 4878 956 4923 et
985 4870 1148 4923 vitam
1179 4883 1355 4922 meam
1385 4885 1414 4923 a
1445 4869 1785 4938 publicorum
1832 4869 2077 4939 negotio-

498 4979 618 5015 rum
655 4961 884 5030 strepitu
915 4970 1202 5026 remotam,
1229 4961 1354 5024 Δοιὶο
1383 4959 1638 5024 honesto,
1671 4960 2080 5030 tranquillitati-

499 5071 606 5125 que
663 5057 918 5109 mandare
949 5051 1193 5117 decrevi,
1229 5067 1298 5106 ne
1355 5053 1617 5107 Romanis
1675 5053 2077 5106 tetcrrimorum

501 5146 972 5204 incommodorum
1019 5152 1206 5213 caput,
1238 5153 1293 5197 et
1329 5146 1480 5214 origo
1513 5144 1790 5198 exstitisse
1833 5152 2080 5214 putarer.

505 5241 685 5306 Quare
741 5238 932 5292 eodem
981 5253 1112 5290 usus
1140 5237 1314 5307 legato
1362 5238 1427 5289 ad
1480 5238 1798 5307 Augustam,
1861 5234 2080 5302 imperii

507 5332 898 5403 procuratione
951 5347 1039 5384 me
1087 5330 1354 5384 abdicavi.
1407 5329 1537 5396 Quae
1569 5328 2082 5395 auditioneimpro-

511 5423 626 5476 visa
673 5421 1072 5490 obstupefacta,
1099 5421 1610 5490 abdicationemque
1639 5435 1811 5472 meam
1839 5433 2087 5472 commu-

513 5530 639 5569 nem
669 5514 1022 5584 interpretata
1048 5513 1320 5569 miseriam
1344 5553 1358 5579 ,
1410 5513 1469 5567 in
1518 5511 1700 5566 omnia
1757 5525 1816 5564 se
1847 5520 2084 5573 vertens,

2161 3399 2271 3469 ρῶς
2321 3373 2528 3466 αἱροῖτο
2563 3393 2791 3448 ἀδικεῖν.
2828 3390 2891 3444 ΕΙ
2941 3388 2996 3441 δέ
3027 3386 3154 3448 τοὺς
3189 3384 3423 3452 ὕστερον
3451 3380 3543 3432 ἐπ’
3574 3373 3737 3430 αὐτοῦ

2161 3489 2567 3560 γεγενημένους
2620 3485 2792 3552 λέγει,
2847 3480 2958 3549 ἐγὼ
2995 3477 3096 3549 μέν
3119 3476 3308 3530 οὐδένα
3340 3473 3475 3542 περὶ
3520 3469 3738 3524 ἐκείνων

2162 3581 2437 3636 ποιεῖσθαι
2473 3579 2633 3646 λόγον
2684 3573 2992 3642 ἐϐουλόμην
3050 3569 3193 3622 αίδοῐ
3243 3570 3310 3637 τῇ
3373 3565 3516 3632 πρὸς
3548 3560 3733 3614 αὐτόν’

2160 3677 2210 3730 εί
2243 3675 2290 3729 δ’
2319 3674 2532 3733 ἐκεῖνος
2571 3665 2873 3735 ἀναγκάζει
2903 3664 3011 3718 τῶν
3057 3659 3318 3715 τοιούτων
3363 3659 3466 3724 τὴν
3493 3655 3743 3720 ἐξέτασιν

2164 3771 2214 3823 εί
2255 3765 2461 3838 μᾶλλον
2494 3763 2702 3822 ἐκεῖνος
2722 3758 2830 3813 ἀπὸ
2855 3756 2965 3809 τῶν
2989 3752 3246 3806 τοιούτων
3275 3748 3527 3819 φαίνοιτο
3556 3748 3742 3838 ἐπιορ-

2163 3836 2298 3925 κῶν,
2333 3857 2584 3926 στέργειν
2637 3852 2866 3905 δίκαιον.
2934 3844 3081 3914 Ἐγὼ
3120 3843 3230 3914 γὰρ
3261 3840 3405 3910 μετά
3435 3839 3538 3908 τὴν
3589 3836 3746 3926 βασι⁶

2164 3955 2306 4015 λέως
2357 3925 2615 4016 τελευτὴν
2675 3944 2845 4011 ὀλίγῳ
2901 3939 3150 4007 ὕστερον,
3210 3933 3355 4005 ὁρῶν
3417 3930 3582 3984 αὑτὸν
3635 3925 3747 4016 τῶν

2171 4041 2466 4099 πολιτικῶν
2524 4035 2872 4108 πραγμάτων
2913 4030 3105 4099 ἄρχειν
3167 4020 3584 4093 ἐπιχειροῦντα,
3650 4013 3746 4108 καλ

2168 4107 2597 4202 ὑποκνιζόμενοι)
2629 4129 2709 4192 είς
2741 4122 3059 4195 φιλοτιμίαν
3086 4119 3181 4172 καὶ
3202 4114 3360 4180 δόξαν
3409 4109 3669 4182 ἀρχικὴν,
3689 4107 3750 4161 τό

2168 4249 2227 4285 τε
2277 4226 2538 4282 ἐνδιδόναι
2569 4221 2707 4293 πρδς
2754 4219 2852 4289 τὴν
2883 4215 3068 4286 ἔφεσιν
3097 4211 3172 4275 ὡς
3233 4205 3552 4266 ἀλυσιτελὲς
3608 4202 3752 4272 δρῶν

2172 4320 2522 4394 (ὑπώπτευον
2579 4316 2690 4385 γὰρ
2731 4314 2796 4366 ἐκ
2832 4309 3023 4364 τούτου
3076 4303 3279 4366 πολλὰς
3333 4293 3750 4394 ἀναφυὴσεσθαι

2171 4386 2540 4482 διχοστασίας,
2574 4405 2670 4458 καὶ
2697 4402 2938 4463 στάσεως
2985 4394 3265 4468 ἀφορμὰς)
3309 4390 3368 4446 τό
3422 4406 3482 4443 τε
3517 4386 3752 4482 κωλύειν

2174 4479 2421 4576 φανερῶς
2449 4486 2939 4570 τὴνέπιχείρησιν
2972 4487 3236 4560 φθονερὸν
3272 4486 3367 4538 καὶ
3419 4479 3754 4576 μοναρχικδν

2173 4569 2388 4654 δοκοῦν,
2427 4569 2522 4642 καί
2543 4587 2811 4648 τοιούτοις
2841 4581 3167 4653 ἀμφιϐόλοις
3197 4575 3485 4644 λογισμοῖς
3520 4569 3752 4625 ἐπιπολὺ

2180 4684 2472 4748 παλαίσας,
2501 4680 2652 4741 τέλος
2681 4676 2836 4742 ἔδοξα
2867 4673 3066 4744 μᾶλλον
3091 4671 3138 4722 εί
3171 4669 3268 4722 καὶ
3311 4666 3388 4734 μὴ
3415 4665 3532 4724 τοῖς
3581 4661 3756 4729 πρᾶγ·

2182 4791 2368 4848 μασιν,
2407 4770 2524 4826 ἀλλ’
2575 4768 2801 4839 ἐμαυτῷ
2845 4763 3171 4825 λυσιτελεῖν,
3251 4753 3599 4848 ἀποσχέσδαι
3651 4749 3754 4848 τῶν

2179 4839 2527 4934 πραγμάτων
2565 4861 2664 4926 τῆς
2697 4857 2895 4928 ἀρχῆς,
2944 4854 3040 4907 καὶ
3095 4850 3305 4918 διάγειν
3332 4844 3455 4901 κατ’
3495 4839 3752 4913 ἐμαυτὸν,

2180 4959 2274 5012 καὶ
2326 4956 2400 5026 μὴ
2427 4957 2536 5018 τοῖς
2575 4952 2871 5021 Ῥωμαίοις
2920 4947 3092 5008 αῐτιος
3125 4941 3314 4997 κακῶν
3343 4937 3582 5008 ὀφθῆναι
3627 4934 3754 5026 ἀνη-

2184 5020 2419 5104 κέστων.
2481 5046 2588 5100 Καὶ
2636 5020 2785 5113 αύτῷ
2839 5038 3187 5110 χρησάμενος
3248 5028 3562 5099 πρεσϐευτῇ
3623 5020 3756 5091 πρὸς

2185 5140 2456 5214 βασιλίδα,
2479 5136 2803 5206 ἀπειπάμην
2833 5132 2932 5203 τὴν
2963 5130 3161 5200 ἀρχὴν.
3197 5125 3264 5178 Ἦ
3295 5123 3370 5186 δὲ,
3399 5119 3488 5214 τῷΔ
3509 5117 3752 5183 ἀδοκήτῳ

2183 5209 2283 5305 τὴν
2312 5232 2481 5300 ἀκοὴν
2505 5227 2944 5295 καταπλαγεῖσα,
2977 5223 3072 5274 καὶ
3129 5218 3226 5284 τῆς
3257 5209 3598 5306 κατεχοὺης
3619 5221 3755 5299 cup-

2187 5299 2365 5396 φορᾶς
2391 5299 2493 5376 ούκ
2546 5319 2888 5374 ἀποδέουσαν
2942 5310 3217 5380 νομίσασα
3241 5306 3354 5396 *τὴν
3389 5299 3526 5396 ἐμοῦ
3556 5299 3755 5396 ἔκπιον

2187 5381 2537 5484 πραγμάτων
2561 5410 2934 5478 ἀναχώρησιν,
2964 5400 3196 5454 παντοία
3239 5391 3308 5487 ἦν
3333 5388 3590 5487 δεομένη,

2193 5508 2439 5572 δίζουσα,
2461 5498 2878 5572 παρακαλοῦσα,
2920 5495 3099 5548 πάντα
3130 5485 3354 5543 κινοῦσα
3387 5479 3589 5542 κάλων,
3621 5479 3755 5525 ὥστε

1750 5649 1968 5714 Jacobi
2007 5648 2266 5710 Ponlani
2301 5654 2490 5710 notae.

1043 5787 1214 5850 Λόγῳ
1252 5785 1447 5849 τρόπῳ
1480 5798 1543 5832 τε
1575 5780 1682 5851 τὸν
1718 5782 1904 5851 λόγον
1936 5778 2337 5851 ξτίστονιιένῳ,

1048 5849 1335 5923 ’Δρνησῐς
1361 5853 1490 5903 ἐστι
1525 5850 1625 5904 rei}
1659 5849 1807 5902 Θεοῦ
1839 5849 2186 5918 ψεύδορκίιι.

519 5959 927 6014 Caulacuzeuus
966 5949 1216 6018 ἐπιορκῖα
1276 5949 1447 6016 posuit
1488 5963 1582 6015 pro
1629 5943 1947 6016 ψευδορκὶα,
2004 5958 2052 5998 δε

2158 5978 2161 5990 .
2198 5958 2356 6012 quam
2391 5954 2577 5998 versus
2607 5932 2949 6006 requirebat,
2987 5938 3042 5985 et
3070 5927 3204 5983 idem
3233 5929 3334 5979 est.
