3964 6586
302 420 433 488 iiii

1436 418 1981 483 HISTORIABUM
2024 417 2248 479 LIBEP
2298 412 2410 475 llI.

3404 398 3538 463 1142

296 535 504 591 πείθειν
520 533 630 587 τῶν
650 532 988 604 πραγμάτων
1008 530 1166 593 αὖθις
1188 529 1426 601 ἔχεσθαι.
1446 533 1555 585 Καὶ
1566 532 1673 585 τῶν
1691 531 1864 585 τοιού-

1968 542 2111 581 nunc
2142 538 2351 594 rogare,
2414 532 2558 574 nunc
2584 515 2943 587 exprobrare,
2986 519 3041 568 et
3073 521 3130 566 ut
3167 510 3346 565 brevis
3388 511 3488 564 sim
3521 549 3537 571 ,

292 645 401 681 των
425 625 641 680 πάντων
666 625 828 684 αὐτὸς
854 619 925 696 ἦν
965 623 1096 692 παρ’
1134 623 1460 697 ἀμφοτέρων
1494 623 1860 694 πρεσϐευτής.

304 718 457 771 Ἐπεὶ
485 717 544 771 δὲ
566 717 672 769 ὐπδ
698 717 810 769 τῶν
827 714 1038 768 πολλῶν
1059 714 1271 783 ἐκείνης
1290 715 1462 783 λόγων
1486 714 1861 780 ἐπικλασθεὶς,

292 810 390 863 καὶ
417 807 661 878 πρδςτὴν
680 807 947 878 ὀρφανίαν
969 805 1079 861 τῶν
1106 806 1315 860 παίδων
1339 806 1605 876 βασιλέως
1630 807 1861 872 ἀπιδὼν,
1900 845 1909 850 η

294 902 390 955 καὶ
420 899 650 972 χηρείαν
699 900 803 971 τὴν
834 899 1075 968 ἐκείνης,
1129 901 1225 952 καὶ
1263 899 1338 961 ὡς
1372 900 1607 968 μάλιστα
1661 898 1864 969 πολλῆς

268 998 273 1002 ’
294 990 509 1051 δέονται
523 991 624 1060 τῆς
651 990 986 1062 προστασίας
1006 991 1077 1060 ἣν
1090 989 1117 1041 ι
1125 990 1194 1060 μέ
1216 990 1425 1044 δίκαιον
1448 989 1861 1044 ἐπιδείκνυσθαι

292 1083 453 1147 ἀξίας
492 1082 709 1152 βασιλεῖ
733 1081 835 1152 τῆς
865 1080 1050 1152 φιλίας
1077 1084 1310 1155 χάριτας
1336 1083 1437 1153 τὴν
1463 1086 1542 1146 είς
1575 1086 1702 1144 τοὺς
1734 1084 1862 1137 παῖς

290 1174 393 1240 δας
433 1176 751 1230 ἀποδιδόντα
795 1176 1145 1251 κηδεμονίαν,
1186 1176 1289 1230 κᾶν
1317 1178 1363 1229 εί
1397 1175 1649 1246 μέλλοιμι
1679 1176 1862 1230 κινδύ-

290 1283 406 1330 νοις
440 1267 819 1338 περιπίπτειν,
870 1267 1170 1337 ἐπειθόμην
1224 1269 1324 1339 μέν
1357 1283 1373 1300 ο
1421 1267 1483 1322 οὐ
1524 1269 1635 1340 μὴν
1688 1266 1864 1333 οὕτως

230 1396 239 1413 .
286 1360 743 1428 ἀπερισκέπτως,
793 1358 923 1413 ὥσθ’
969 1359 1197 1432 ὕστερον
1244 1361 1369 1416 τινὰ
1425 1361 1864 1431 καταγινώσκειν

288 1451 437 1521 ἔχειν
458 1452 737 1511 ἀδουλίαν.
772 1454 935 1507 una
959 1454 1055 1527 κερ
1084 1455 1424 1525 πατριάρχου
1452 1456 1861 1524 συμπαρόντος,

287 1542 466 1597 πολλὰ
522 1544 791 1614 πρότερον
841 1544 1144 1615 διειλέχθην
1202 1545 1436 1616 βασιλίδι
1492 1550 1620 1617 περὶ
1649 1547 1742 1601 τοῦ
1786 1547 1865 1620 μὴ
1915 1579 1922 1585 -

284 1636 400 1688 δεῖν
444 1636 736 1706 προσέχειν
787 1638 1181 1707 συκοφάνταις,
1217 1637 1269 1691 οἳ
1320 1638 1510 1692 πολλοὶ
1562 1639 1863 1711 φυήσονται

285 1727 548 1793 suam;
575 1731 670 1785 καὶ
705 1733 1080 1800 συκοφαντίας
1112 1730 1238 1786 κατ’
1258 1731 1399 1799 ἐμοῦ
1431 1722 1858 1804 συρράπτοντες.

286 1819 366 1873 Οὐ
399 1820 511 1891 γὰρ
543 1822 696 1877 ἐάσει
733 1839 797 1891 γε
836 1822 866 1877 6
917 1823 1111 1892 φθόνος
1144 1827 1397 1896 ἠρεμεῖν,
1431 1825 1551 1879 ἀλλ’
1586 1826 1635 1878 εί
1680 1826 1780 1896 μέν
1809 1843 1861 1879 τι

283 1909 535 1966 τοιοῦτον
567 1916 947 1985 κατηγοροῖεν,
1003 1919 1201 1970 ὁποῖονν
1219 1919 1286 1971 ἂν
1318 1918 1415 1972 καὶ.
1446 1917 1618 1990 αὐτὴν
1652 1921 1716 1973 ἐκ
1748 1919 1860 1972 τῶν

286 2002 602 2073 λεγομένων
652 2005 717 2058 τὸ
745 2006 942 2077 ψεῦδος
975 2009 1229 2071 συνιδεῖν,
1263 2010 1691 2080 ἀποπέμπεσθαι
1726 2012 1861 2082 πρὸς

286 2095 486 2164 ὀργὴν,
519 2098 609 2149 καὶ
633 2101 817 2165 μισεῖν
838 2100 963 2163 τοὺς
994 2101 1359 2171 συκοφάντας.
1398 2103 1497 2157 Ἂν
1532 2103 1578 2156 δ’
1613 2103 1865 2173 ἐφάπτη-

286 2195 385 2233 ται
432 2180 529 2250 τῆς
563 2182 742 2255 ψυχῆς
800 2187 893 2240 καὶ
945 2189 1281 2259 ἀμφιϐολίαν
1336 2194 1561 2263 ἐμποιῇ,
1623 2192 1698 2263 μὴ
1752 2194 1860 2264 ἄρα

286 2272 470 2344 ἀληθῆ
499 2275 569 2329 τὰ
616 2282 1043 2351 κατηγορημένα
1089 2283 1199 2353 εῖη,
1258 2282 1332 2354 μὴ
1384 2285 1859 2356 καταψηφίζεσθαι

288 2364 517 2431 αὐτίκα,
547 2369 684 2439 μηδέ
714 2371 852 2442 πρὸς
879 2372 940 2426 τὸ
973 2373 1279 2444 ἀμύνεσθαι
1321 2378 1543 2447 χωρεῖν,
1573 2376 1708 2431 ἀλλὰ
1758 2394 1857 2432 κα-

287 2457 410 2511 λεῖν
468 2460 560 2513 ἐπὶ
616 2461 714 2531 τὴν
766 2462 945 2535 δίκην,
1003 2467 1098 2519 καὶ
1158 2468 1352 2538 καιρὸν
1408 2468 1673 2541 παρέχειν
1721 2470 1859 2541 πρὸς

286 2547 612 2617 ἀπολογίαν.
634 2552 754 2607 Κᾶν
782 2554 881 2623 μὲν
899 2557 1101 2614 ἀδικῶν
1121 2561 1216 2613 καὶ
1231 2561 1507 2630 ἐπιορκῶν
1522 2561 1857 2633 ἐλέγχωμαι,

290 2639 499 2694 διδόναι
520 2640 674 2707 δίκας
707 2661 721 2677 ·
757 2645 824 2701 ἃν
854 2647 901 2701 δ’
921 2649 1246 2722 ἁπολύωμαι
1269 2652 1339 2706 τὰ
1366 2653 1711 2724 ἐγκλήματα,
1733 2658 1860 2720 τοὺς

290 2735 638 2804 κατηγόρους
692 2738 840 2794 τοῦτ’
867 2740 1007 2812 ὅπερ
1040 2744 1179 2797 είσὶν
1212 2746 1461 2817 ἡγεῖσθαι
1492 2748 1858 2817 συκοφάντας.

299 2822 372 2880 Ἦ
405 2825 617 2896 βασιλὶς
658 2831 758 2901 μὲν
793 2826 888 2887 οῦν
916 2835 1055 2903 πρὸς
1082 2838 1207 2900 τοὺς
1232 2836 1428 2905 λόγους
1450 2839 1551 2894 οὐκ
1583 2839 1856 2906 ἐπείθετο,

287 2919 417 2973 οὐδὲ
440 2921 605 2975 δικῶν
632 2921 841 2992 ἔφασκε
892 2927 988 2980 καὶ
1005 2929 1244 2999 ἐλέγχων
1263 2931 1399 3001 πρὸς
1424 2931 1524 3001 ἐμὲ
1543 2931 1858 3002 δεήσεσθαι,

289 3010 415 3064 ἀλλ’
445 3012 815 3070 ἀνυπεύθυνον
859 3019 1156 3089 παρείχετο
1201 3021 1301 3092 τὴν
1348 3024 1549 3094 ἀρχήν.
1592 3024 1757 3095 Ἐμοῦ
1805 3025 1861 3080 δέ

287 3103 397 3157 οὐκ
426 3105 691 3172 ἀνιέντος,
724 3108 861 3163 άλλά
906 3109 1233 3181 βιαζομένου
1277 3114 1376 3184 τὴν
1407 3115 1538 3186 περὶ
1578 3116 1676 3187 τῆς
1704 3118 1862 3185 δίκης

291 3196 654 3289 ἐπαγγελίαν,
717 3201 963 3257 ἐπείθετο
1008 3205 1448 3275 ἁναγκασθεῖσα,
1513 3209 1609 3264 καὶ
1665 3209 1861 3280 ὅρκους
1890 3227 1934 3289 c

294 3288 548 3360 ἁλλήλοὶς
579 3293 956 3365 παρειχόμεθα
969 3298 1081 3350 ’ἐπὶ
1109 3297 1202 3352 τοῦ
1239 3301 1603 3372 πατριάρχου,
1639 3302 1738 3374 τὴν
1766 3304 1864 3373 μὲν

299 3382 578 3452 μηδεμίαν
629 3388 751 3439 κατ’
805 3388 941 3458 ἐμοῦ
1005 3391 1285 3459 ἀπόφασιν
1350 3394 1658 3463 ἐξενεγκεῖν
1731 3412 1863 3451 ποτε

296 3474 621 3530 πεισθεῖσαν
640 3480 1030 3548 συκοφάνταις,
1059 3483 1178 3537 ἀλλ’
1211 3486 1302 3538 ἐπὶ
1330 3487 1431 3557 τὴν
1462 3487 1619 3559 δίκην
1652 3489 1859 3554 καλεῖν,

293 3567 395 3619 καὶ
430 3566 685 3637 ἐλέγχους
733 3572 1009 3625 ποιεῖσθαι
1068 3573 1176 3628 τῶν
1226 3575 1583 3647 ἀδικημάτων
1609 3594 1625 3610 ο
1666 3579 1764 3648 ἐμὲ
1808 3578 1865 3632 δέ

296 3658 572 3727 μηδέποτε
609 3663 738 3732 περὶ
770 3664 943 3735 αὐτὴν
1011 3667 1446 3738 άγνωμονήσειν,
1492 3670 1614 3740 μηδ’
1647 3671 1863 3731 ἐπιϐου-

291 3748 513 3802 λεύσειν
541 3751 676 3821 αὐτῇ
707 3753 938 3817 καὶτοῖς
971 3756 1129 3808 παισὶ
1176 3755 1311 3827 πρὸς
1335 3757 1432 3827 τὴν
1473 3757 1651 3830 άρχήν
1679 3775 1693 3788 '
1726 3759 1865 3813 ἀλλὰ

294 3840 411 3893 πᾶν
436 3839 619 3895 ὁτιοῦν
658 3843 803 3914 ὑπέρ
829 3861 890 3898 τε
925 3846 1105 3899 αὐτῶν
1136 3849 1233 3900 καὶ
1264 3844 1363 3918 τῆς
1387 3852 1541 3921 κοινῇ
1576 3851 1865 3911 Ῥωμαίων

295 3929 571 3997 ὡφελείας
611 3932 897 4002 πράττειν.
926 3935 1068 4005 Ἐγὼ
1094 3935 1151 3989 δὲ
1177 3939 1270 3991 καὶ
1293 3939 1499 3995 τούτων
1532 3942 1676 3996 οὕτω
1704 3960 1866 3997 κατε-

298 4014 715 4092 σκευασμένων,
752 4025 833 4080 ἔτι
857 4027 957 4099 τὴν
983 4032 1302 4097 γυναικείαν
1331 4031 1519 4094 δεδιὼς
1553 4033 1862 4101 ἀσθένειαν,

301 4115 384 4185 μὴ
405 4115 500 4187 οὐχ
528 4116 616 4170 οἵα
631 4134 690 4171 τε
786 4117 929 4174 οὕτω
960 4121 1444 4196 μεγαλοφροσύνην
1471 4127 1566 4180 καὶ
1588 4128 1867 4199 λογισμῶν

298 4207 714 4263 ἐπιδείκνυσθαι
740 4213 1084 4283 περιουσίαν,
1120 4214 1235 4267 ἀλλ’
1269 4217 1569 4287 ἀπατηλοῖς
1597 4222 1691 4274 καὶ
1716 4238 1869 4292 περι-

298 4300 488 4369 έργοις
525 4300 725 4371 λόγοις,
778 4305 873 4357 καὶ
905 4306 1296 4372 συκοφαντίαις
1344 4311 1687 4381 παραχθείσα
1730 4313 1868 4382 πρὸς

298 4389 396 4441 τὸν
430 4390 551 4445 κατ’
583 4393 718 4462 ἐμοῦ
746 4393 983 4465 πόλεμον
1011 4397 1228 4470 ὁρμηθῇ
1276 4401 1309 4471 ἡ
1358 4398 1569 4466 βασιλὶς
1592 4443 1606 4469 ,
1640 4404 1731 4458 τὸν
1765 4423 1870 4458 πα·-

295 4483 572 4555 τριάρχην
606 4486 769 4555 μόνον
793 4488 1150 4558 παραλαϐὼν,
1179 4493 1274 4544 καὶ
1301 4493 1514 4547 πολλῶν
1544 4497 1867 4569 ὑπομνήσας

297 4577 759 4651 εὐεργετημάτων
785 4584 1158 4655 ὑπηργμένων
1177 4589 1308 4658 παρ’
1330 4589 1488 4658 ἐμοῦ,
1509 4589 1699 4646 ἔπειτα
1727 4594 1868 4648 ἐδεό-

302 4689 415 4741 μην
445 4673 552 4726 τῶν
583 4673 721 4743 ὑπὲρ
754 4675 890 4744 ἐμοῦ
922 4676 1147 4730 δικαίων
1182 4677 1402 4748 ἔχεσθαι
1427 4698 1444 4714 ο
1479 4684 1573 4735 καὶ
1632 4684 1870 4755 βασιλίδι

301 4767 616 4831 παραινεῖν,
654 4765 775 4818 ἐπεὶ
827 4771 1065 4821 συνεῖναι
1111 4767 1201 4822 τὸν
1241 4770 1415 4824 πάντα
1451 4775 1642 4842 χρόνον
1685 4776 1870 4845 μέλλει

302 4855 585 4935 Βυζαντίῳ
613 4857 986 4928 ἐνδιατρίϐων,
1024 4859 1097 4932 μὴ
1131 4862 1415 4917 πείθεσθαι
1440 4868 1552 4928 τοῖς
1594 4870 1871 4938 συκοφάν-

300 4963 447 5011 ταις,
493 4947 627 5017 μηδὲ
658 4949 765 5019 πρὸ
785 4949 939 5019 δίκης
970 4951 1104 5020 ἐμοῦ
1135 4954 1633 5023 καταψηφίζεσθαι,
1668 4961 1741 5023 ὡς
1764 4960 1865 5029 τῆς

302 5044 373 5095 ἐκ
393 5041 584 5095 τούτου
612 5041 877 5112 ὠφελείας
904 5045 1005 5098 οὐκ
1027 5044 1108 5107 είς
1143 5047 1303 5115 μόνον
1337 5048 1438 5118 ἐμὲ
1461 5041 1868 5121 διαϐαινούσης,

302 5134 423 5188 ἁλλ’
461 5137 540 5197 είς
573 5132 822 5201 ἅπαντας
850 5142 1004 5208 κοινῇ
1046 5137 1373 5208 Ῥωμαίους.
1423 5140 1512 5195 Ὧν
1543 5140 1751 5197 δίκαιον
1778 5146 1875 5197 αὐ-

303 5231 400 5283 τὸν
437 5231 694 5284 ἁπάντων
726 5234 996 5302 προνοεῖν,
1039 5234 1276 5302 ποιμένα
1310 5236 1403 5288 καὶ
1451 5235 1725 5305 κηδεμόνα
1779 5237 1873 5289 καὶ.

303 5323 625 5377 διδάσκαλον
650 5324 756 5377 ὑπὸ
780 5323 915 5377 Θεοῦ
940 5325 1476 5396 κεχειροτονημένον.
1519 5330 1582 5381 "0
1609 5327 1651 5380 δ’
1673 5327 1874 5383 αὐτίκα

306 5416 527 5484 ὤμνυεν
559 5416 821 5481 ἀναστὰς,
858 5416 931 5479 ὡς
967 5416 1121 5471 οὐδὲν
1165 5412 1328 5488 ἦττον
1375 5418 1407 5489 ἢ
1459 5419 1642 5490 πατὴρ
1683 5419 1875 5483 παιδὸς

309 5509 637 5579 προνοήσειε
683 5509 911 5580 γνησίου
939 5526 953 5541 ο
1002 5510 1100 5562 καὶ
1133 5509 1239 5563 τῶν
1283 5510 1422 5581 ὑπὲρ
1469 5511 1603 5582 ἐμοῦ
1649 5511 1876 5566 δικαίων

306 5601 483 5664 οὕτως
517 5598 824 5667 ἀνθέξεται,
869 5600 1059 5671 ὥσπερ
1113 5602 1179 5654 ἂν
1221 5601 1269 5653 εί
1318 5602 1480 5666 αὐτὸς
1535 5604 1736 5674 παρῆν,
1781 5604 1877 5656 καὶ.

307 5693 439 5755 τοὺς
492 5693 859 5762 συκοφάντας,
890 5691 944 5745 εί
994 5709 1138 5755 τινες
1187 5692 1424 5761 ὀφθεῖεν,
1484 5694 1723 5764 μάλιστα
1779 5694 1878 5764 μὲν

310 5783 637 5852 ἀπελέγξειν
679 5785 1068 5855 ψευδομένους,
1120 5786 1214 5837 καὶ
1254 5786 1419 5838 παντὶ
1477 5785 1652 5839 σθένει
1687 5787 1789 5854 τῆς
1816 5786 1879 5838 ἐκ

315 5879 522 5931 τούτων
564 5877 767 5949 βλάϐης
815 5877 1111 5950 ἀπείρατον
1152 5877 1524 5949 διατηρήσειν.
1576 5878 1637 5930 Εἰ
1686 5877 1728 5929 δ’
1763 5872 1875 5942 οὖν,

1964 630 2180 673 omnem
2247 614 2530 668 rudentem
2587 622 2825 671 movere,
2885 620 2993 685 qup
3060 617 3146 657 me
3201 604 3270 658 ad
3321 602 3534 672 imperii

1964 706 2314 761 moderamen
2369 706 2671 755 revocaret.
2706 698 2883 765 Atque
2922 695 3150 751 istarnm
3206 706 3387 745 rerum
3413 705 3535 743 om-

1965 798 2121 850 nium
2188 796 2306 864 ipse
2353 799 2467 849 erat
2548 786 2938 843 internuntius.
3002 783 3285 837 Postremo
3350 780 3536 835 multis

1964 884 2314 940 sermonibus
2354 882 2473 947 ejus
2504 884 2868 947 expugnatus,
2901 872 3247 940 ﬁliorumque
3275 869 3537 931 orbitate,

1962 989 2014 1031 et
2060 976 2206 1031 illius
2269 972 2531 1029 viduitate
2584 966 2963 1031 considerata,
3019 962 3220 1034 quibus
3292 961 3540 1030 utrisque

1962 1076 2217 1132 ειιτιιιοτ,
2272 1073 2328 1120 ει
2398 1072 2672 1134 patronus
2725 1072 3053 1128 magnopere
3106 1063 3256 1110 esset
3283 1068 3540 1109 necessa-

1965 1158 2119 1222 rius,
2191 1169 2353 1225 quem
2418 1167 2505 1207 me
2572 1149 2676 1205 illis
2758 1153 3017 1218 praestare
3075 1156 3297 1213 aequum
3339 1139 3484 1196 foret
3516 1180 3533 1204 ,

1961 1248 2124 1321 605
2166 1246 2212 1302 s'i
2252 1246 2444 1301 vellem
2479 1239 2927 1302 sollicitudinem,
2950 1245 3007 1293 et
3032 1249 3219 1290 curam
3250 1233 3410 1287 istam
3448 1246 3540 1285 er-

1962 1357 2026 1413 ga
2059 1340 2215 1406 lilios,
2248 1335 2501 1392 amicitiae
2545 1332 2747 1406 gratias
2791 1327 3108 1398 imperatori
3155 1331 3373 1380 mortuo
3408 1337 3542 1395 per-

1962 1432 2170 1489 solvere
2203 1447 2218 1484 :
2254 1440 2565 1499 quanquam
2618 1436 2898 1478 cernerem
2931 1419 3130 1488 quibus
3161 1430 3247 1470 me
3281 1413 3538 1486 periculis

1962 1525 2317 1595 objectarem,
2377 1520 2573 1573 manus
2616 1514 2765 1579 dedi,
2812 1513 2911 1568 etsi
2965 1525 3072 1565 non
3114 1509 3187 1562 ita
3238 1505 3540 1576 improvide

1964 1624 2023 1670 ut
2074 1614 2363 1684 quisquam
2420 1620 2607 1681 postea
2646 1602 3148 1666 inconsiderantiae‘
3177 1615 3265 1654 me
3312 1612 3542 1665 arguere

1964 1716 2167 1777 posset.
2206 1705 2346 1779 Quin
2384 1713 2441 1759 et
2469 1702 2725 1757 audiente
2774 1694 3087 1767 patriarcha
3137 1690 3320 1746 verbis
3367 1689 3543 1760 pluri—

1968 1801 2069 1854 bus
2120 1795 2521 1868 imperatricem
2554 1790 2740 1846 monui
2792 1803 2863 1843 ne
2912 1781 3411 1841 calumniatoribus.
3448 1780 3543 1848 qui

1892 1877 1937 1935 Β
1967 1905 2075 1944 ιιοιι
2138 1888 2297 1958 pauci
2346 1893 2533 1941 essent
2579 1880 2871 1945 emersuri,
2917 1887 2970 1933 et
3025 1873 3315 1931 mendacia
3355 1882 3544 1927 contra

1970 1997 2055 2035 me
2083 1978 2367 2038 consuturi
2390 1977 2536 2046 (quia
2563 1974 2817 2029 videlicet
2844 1970 3045 2027 invidia
3072 1984 3181 2023 non
3211 1981 3306 2021 eos
3338 1964 3545 2019 sineret

1969 2069 2277 2139 quiescere)
2312 2083 2475 2123 aures
2507 2067 2682 2121 daret.
2736 2062 2842 2117 Sed
2891 2062 2934 2118 si
2992 2060 3121 2130 quid
3168 2056 3435 2128 ejusmodi
3488 2056 3544 2107 in

1969 2178 2055 2217 me
2084 2169 2427 2224 accusarent,
2460 2158 2604 2229 quod
2648 2167 2704 2211 et
2738 2155 2829 2211 illa
2861 2155 3007 2209 dictu
3042 2150 3236 2205 falsum
3268 2147 3541 2216 intelligeo

1970 2264 2070 2317 ret,
2101 2269 2223 2308 eum
2260 2251 2544 2308 stomacho
2574 2247 2980 2304 accusationem
3006 2244 3280 2313 rejiceret,
3301 2256 3365 2294 ac
3387 2254 3543 2311 syco-
3632 2308 3640 2318 .

1970 2345 2200 2413 phantas
2248 2343 2475 2396 odisset.
2513 2339 2609 2394 Sin
2644 2346 2827 2393 autem
2879 2340 3199 2405 penetraret
3248 2332 3371 2400 ejus
3417 2330 3544 2383 ani-

1970 2446 2140 2495 mum,
2178 2438 2235 2484 et
2280 2429 2678 2486 dubitationem
2728 2425 2972 2491 haberet,
3021 2437 3089 2476 an
3142 2435 3332 2476 verum
3374 2427 3554 2482 esset,

1970 2520 2115 2590 quod
2148 2519 2475 2583 deferretur,
2512 2533 2581 2572 ne
2616 2516 2763 2571 illico
2796 2515 3113 2576 damnaret,
3143 2526 3249 2566 neu
3280 2511 3348 2565 ad
3382 2511 3543 2563 ultio-

1970 2627 2096 2667 nem
2141 2610 2599 2682 progrederetur;
2656 2607 2752 2663 sed
2796 2604 3009 2677 judicio
3040 2611 3362 2662 arcesseret,
3402 2611 3543 2655 tem-

1971 2716 2182 2773 pusque
2212 2701 2275 2756 ad
2307 2698 2681 2756 defensionem
2706 2695 3103 2767 praescriberet.
3136 2693 3214 2747 Ac
3243 2692 3286 2747 si
3321 2691 3550 2762 quidem

1972 2793 2270 2864 improbus,
2314 2808 2378 2848 ac
2433 2791 2685 2861 perjurus
2739 2788 3037 2854 invenirer,
3080 2801 3268 2856 pmnas
3320 2785 3547 2849 darent;

1973 2886 2058 2941 sin
2120 2882 2531 2940 criminationes
2603 2880 2979 2942 dissolverem,
3054 2884 3402 2932 accusatores
3489 2873 3550 2929 id

1971 2976 2116 3047 quod
2177 2984 2382 3037 essent,
2438 2973 2785 3045 sycophanta:
2844 2971 3127 3037 nimirum,
3185 2966 3544 3022 haberentur.

1969 3068 2286 3140 lmperatrix
2327 3066 2431 3121 bac
2479 3068 2726 3119 oratione
2769 3061 2905 3117 nihil
2945 3068 3112 3122 mota,
3158 3058 3302 3113 haud
3334 3057 3555 3127 judicio

1971 3169 2026 3214 et
2057 3156 2470 3229 probationibus
2499 3155 2791 3210 adversum
2820 3168 2908 3207 me
2952 3166 3090 3221 opus
3121 3164 3241 3204 esse
3275 3148 3451 3213 dixit;
3487 3159 3545 3202 et

1969 3250 2178 3320 imperii
2210 3247 2656 3319 gubcrmtionem
2689 3245 2762 3299 ita
2798 3242 3054 3308 reddidit,
3088 3249 3148 3295 ut
3175 3256 3206 3295 a
3237 3239 3549 3295 referendis

1968 3340 2273 3393 rationibus
2306 3336 2521 3408 penitus
2568 3348 2653 3388 me
2707 3331 3034 3387 absolveret.
3081 3327 3165 3383 Me
3199 3342 3329 3381 vero
3359 3340 3544 3395 perse-

1968 3436 2197 3486 verante
2245 3438 2301 3483 et
2364 3435 2612 3497 urgente,
2645 3433 2706 3479 ut
2744 3421 3008 3493 judicium
3051 3418 3414 3491 promitteret,
3448 3429 3554 3471 no-

1969 3524 2090 3578 lens
2123 3521 2352 3587 annuit;
2386 3528 2441 3575 et
2486 3517 2725 3574 vicissim
2761 3523 3032 3586 praesente
3060 3508 3545 3582 patriarcbajura-

1969 3616 2169 3679 vimus,
2214 3614 2326 3683 ipsa
2359 3611 2604 3683 quidem,
2637 3623 2916 3679 nunquam
2964 3605 3202 3675 impulsu
3237 3603 3544 3675 sycophan-

1970 3716 2147 3783 tarum
2183 3714 2373 3760 contra
2417 3718 2504 3756 me
2550 3700 2878 3757 sententiam
2913 3696 3413 3770 pronmitiatunm.
3446 3692 3541 3746 sed

1968 3781 2326 3862 probationes
2376 3789 2671 3843 criminum
2709 3786 3114 3858 requisituram,
3165 3792 3219 3837 et
3262 3781 3546 3853 judicibus

1930 3932 1937 3943 ,
1969 3899 2083 3937 rem
2117 3882 2383 3953 integram
2419 3887 2857 3943 reservaturam;
2902 3891 3001 3946 ego
3049 3884 3230 3929 autem
3264 3887 3540 3942 nunquam

1969 3975 2019 4026 ei
2044 3972 2292 4042 iniquum
2326 3970 2591 4035 tutorum,
2622 3984 2798 4039 neque
2823 3967 2926 4038 ipsi
2953 3977 3006 4022 et
3029 3964 3215 4021 liberis
3239 3964 3359 4034 ejus
3383 3977 3546 4032 prop-

1971 4078 2053 4121 ter
2109 4062 2679 4136 imperiuminsidias
2732 4062 3086 4121 moliturum;
3147 4056 3249 4113 sed
3302 4055 3549 4126 quidvis,
3618 4056 3623 4061 “

1969 4157 2113 4223 quod
2142 4172 2210 4210 ex
2255 4156 2374 4223 ejus
2411 4170 2534 4220 usu,
2581 4163 2637 4209 et
2687 4153 2962 4223 republica
3000 4150 3091 4214 sit,
3133 4156 3542 4219 suscepturum.

1971 4247 2068 4302 liis
2104 4247 2177 4301 ita
2205 4246 2392 4319 gestis.
2425 4246 2604 4301 adhuc
2631 4245 2954 4300 muliebrem
2990 4243 3137 4297 illius
3167 4239 3543 4296 inﬁrmitatem

1971 4340 2197 4405 veritus,
2250 4356 2318 4395 ne
2372 4339 2581 4395 scilicet
2647 4353 2844 4409 parum
2914 4345 3182 4405 praestans
3235 4333 3545 4390 excelsitate

1968 4432 2161 4497 animi,
2199 4440 2253 4486 et
2302 4430 2614 4485 maturitate
2660 4428 2899 4492 consilii,
2947 4427 3223 4482 fallacibus
3272 4434 3328 4480 et
3376 4424 3545 4478 artiti-

1900 4558 1949 4619 Β
1975 4524 2140 4579 ciosis
2172 4523 2629 4579 calumniatorum
2675 4520 2860 4574 delusa
2905 4517 3270 4579 sermonibus,
3325 4515 3392 4569 ad
3430 4516 3545 4569 bel-

1980 4617 2086 4669 lum
2121 4622 2309 4669 contra
2339 4627 2426 4667 me
2453 4612 2774 4681 insurgeret,
2807 4624 2930 4664 cum
2962 4608 3266 4679 patriarcha
3299 4621 3544 4660 seorsum

1975 4706 2102 4776 egi;
2143 4703 2459 4759 meritorum
2496 4715 2526 4753 a
2560 4715 2647 4754 me
2694 4700 2841 4754 ultro
2880 4698 2959 4752 illi
3013 4696 3380 4768 prmStitorum
3433 4709 3543 4747 rre-

1977 4796 2205 4863 moriam
2239 4793 2287 4849 ei
2336 4807 2628 4857 renovans,
2661 4799 2718 4846 et
2767 4804 2929 4844 orans
2980 4789 3054 4842 uti
3109 4802 3325 4843 causam
3366 4801 3543 4840 meum

1977 4898 2221 4943 tueretur
2251 4905 2266 4952 ;
2300 4894 2353 4940 et
2386 4884 2708 4954 Augustam,
2757 4895 2862 4950 qua
2899 4894 3023 4934 cum
3061 4877 3296 4948 Byzantii
3332 4886 3541 4943 semper

1975 4988 2121 5037 esset
2146 4980 2411 5041 victurus,
2443 4976 2761 5031 admoneret
2795 4987 2865 5027 ne
2899 4968 3251 5042 sycophantis
3276 4967 3541 5030 crederet,

1977 5088 2113 5128 neve
2160 5081 2283 5141 ante
2335 5069 2601 5140 judicium
2654 5080 2740 5121 me
2795 5063 3207 5123 condemnaret,
3242 5058 3459 5128 quando
3493 5057 3544 5110 id

1976 5179 2084 5218 non
2120 5161 2254 5217 mihi
2298 5161 2423 5225 soli,
2470 5159 2564 5214 sed
2598 5157 2968 5210 Romanorum
3018 5149 3360 5207 universitati
3410 5164 3554 5217 quo-

1976 5270 2083 5326 que
2143 5252 2487 5322 profuturum
2541 5258 2720 5313 esset;
2781 5247 2980 5317 quibus
3043 5243 3295 5297 omnibus
3344 5241 3432 5295 ille
3488 5251 3542 5293 u'

1979 5324 2184 5416 pastor,
2225 5354 2280 5398 et
2311 5324 2477 5406 tutor,
2527 5349 2582 5393 et
2615 5338 2871 5409 magister
2898 5352 2927 5390 a
2967 5335 3076 5388 Deo
3105 5334 3335 5391 electus.
3369 5330 3549 5399 provi-

1978 5438 2109 5494 dere
2161 5444 2322 5505 atque
2363 5432 2649 5489 consulere
2698 5430 2940 5483 deberet.
2994 5426 3085 5481 ille
3115 5442 3144 5480 e
3180 5425 3377 5480 throno
3426 5438 3552 5477 sur-

1980 5545 2135 5600 gens,
2171 5542 2296 5581 mox
2341 5523 2579 5579 vicissim
2620 5520 2842 5591 jurabat
2887 5533 2998 5572 non
3030 5516 3209 5570 minus
3238 5528 3397 5583 quam
3453 5530 3551 5582 pa-

1979 5628 2187 5674 rentem
2240 5632 2336 5686 pro
2387 5627 2646 5687 germano
2702 5611 2809 5665 ﬁlio
2871 5608 3157 5664 sollicitum
3210 5607 3345 5670 fore,
3388 5604 3554 5676 606

1979 5722 2034 5769 et
2060 5712 2150 5781 jus
2196 5726 2376 5763 meum
2414 5708 2486 5761 ita
2519 5706 2897 5768 defensurum,
2931 5710 2993 5755 ut
3039 5700 3082 5754 si
3130 5700 3243 5767 ipse
3276 5696 3548 5758 adessem,

1932 5848 1935 5851 γ
1982 5805 2176 5861 melius
2209 5818 2317 5857 non
2360 5815 2614 5871 possem;
2646 5796 3140 5868 sycophantasquc,
3178 5791 3219 5845 si
3251 5790 3342 5860 qui
3373 5788 3555 5857 prndi-

1986 5906 2127 5962 t‘cnt,
2178 5905 2235 5949 ut
2283 5894 2573 5950 mendaces
2608 5889 3007 5946 maniietarios
3048 5884 3265 5958 εει-σεῖο
3309 5880 3559 5936 (ςοιιίιιιιυο
