3964 6558
519 361 660 428 1143

1685 374 2017 436 JOANNIS
2050 374 2587 437 CANTACUZENI

3637 378 3766 444 ιιιι

513 491 696 537 turum
750 478 806 537 Si
850 480 903 537 id
945 497 1054 537 non
1090 483 1279 555 possit,
1317 485 1420 541 hoc
1447 487 1666 557 quidem
1694 489 1857 559 plane
1886 489 2075 545 obten-

2184 487 2321 542 ἀλλὰ
2355 486 2515 541 τοῦτό
2546 502 2612 557 γε
2664 487 2886 552 πάντως
2931 489 3058 559 ἐμοὶ
3096 488 3383 559 φυλάξειν,
3420 489 3486 544 τδ
3549 491 3628 563 μὴ
3669 494 3767 563 πρὸ

511 582 715 649 turum,
750 587 817 628 ne
852 573 1055 628 indicta
1084 590 1247 631 causa
1279 576 1700 633 condemnarer.
1732 577 1979 648 Cumque
2013 580 2081 635 de

509 660 702 716 iisdem
736 661 898 716 etiam
936 662 1260 729 secundum,
1292 671 1349 719 et
1383 665 1602 719 tertium
1648 665 1792 720 inter
1842 680 1942 720 nos
1982 680 2083 721 ne-

506 753 749 808 cessario
775 744 1237 824 collmitter’rtmur,
1273 756 1434 811 toties
1468 756 1636 819 idem,
1666 772 1775 811 non
1810 758 1988 812 solum
2022 765 2083 810 ut

506 845 786 909 sacerdos,
840 846 934 900 sed
984 854 1042 900 ut
1096 845 1359 917 profanus
1412 862 1629 918 quoque
1656 847 1913 917 iurabat.
1978 846 2080 904 Hic

456 956 465 965 ·
507 940 675 1011 igitur
719 939 1104 1009 suspiciendus
1147 940 1375 1011 iustitiae
1429 950 1717 1010 patronus.
1757 950 1811 994 et
1869 948 2077 1000 custos,

506 1032 823 1105 priusquam
853 1032 970 1089 dies
998 1035 1184 1088 decem
1216 1040 1339 1104 post
1370 1047 1550 1086 meum
1583 1032 1841 1104 Byzantio
1874 1032 2081 1087 disces-

505 1139 628 1180 sum
659 1122 965 1191 efﬂuerent,
1011 1143 1039 1179 a
1084 1127 1340 1196 praefecto
1385 1126 1623 1197 cubiculi
1662 1142 1956 1195 persuasus
1988 1141 2076 1180 me

506 1215 684 1286 ipsum
717 1216 784 1273 de
820 1217 1018 1273 throno
1050 1218 1344 1275 deturbare
1372 1219 1529 1283 Velle,
1564 1229 1619 1273 ct
1646 1217 1916 1273 Palamam
1952 1219 2083 1274 sub-

504 1308 886 1375 lntrodncere;
973 1327 1293 1382 quanquam
1354 1312 1658 1367 luculenter
1736 1312 1904 1367 sciret
1960 1328 2081 1368 esse

505 1417 710 1457 meram
757 1403 1112 1469 calumniam,
1159 1404 1301 1459 bello
1352 1400 1479 1459 huic
1512 1404 1840 1475 principium
1871 1405 2078 1460 attulit.

508 1488 578 1550 Ut
627 1504 809 1550 autem
842 1510 1018 1551 meam
1056 1498 1107 1550 in
1134 1512 1217 1563 sc,
1249 1513 1411 1567 quam
1459 1500 1702 1568 putabat,
1735 1497 2077 1567 iniquitatem

504 1586 816 1657 puniretur,
850 1587 1249 1658 imperatricem
1281 1603 1494 1659 quoque
1532 1589 1622 1660 (id
1647 1588 1791 1659 quod
1818 1589 1958 1643 alius
1981 1604 2082 1644 ne-

504 1690 595 1731 mo
622 1676 911 1747 petuisset)
942 1678 1176 1748 decepit,
1215 1688 1270 1732 et
1300 1695 1448 1734 arma
1476 1679 1778 1746 suscitavit,
1806 1679 1943 1750 proh
1983 1680 2082 1736 do-

506 1765 608 1834 lor,
643 1770 711 1834 is,
741 1770 833 1840 qui
865 1770 987 1825 aliis
1014 1785 1203 1841 pacem
1234 1781 1409 1838 curat,
1472 1772 1684 1842 paciﬁci
1712 1781 1768 1827 et
1803 1773 2077 1828 mansueti

504 1862 751 1933 magistri
811 1863 1387 1934 discipulus;-neque
1462 1866 1848 1940 jusjurandum
1915 1866 2081 1922 toties

504 1954 822 2024 nuperrime
865 1957 1110 2026 juratum
1157 1958 1430 2012 reveritus
1451 1998 1468 2025 ,
1501 1972 1681 2027 neque
1707 1956 2079 2013 Romanorum

504 2046 892 2113 calamitatem,
929 2062 1092 2117 quam
1135 2048 1275 2103 bello
1321 2050 1631 2118 perpessuri
1675 2057 1862 2105 essent
1892 2064 2076 2103 secum

503 2138 788 2209 cogitans;
822 2138 918 2194 sed
951 2152 1118 2194 unum
1150 2139 1251 2194 hoc
1294 2140 1558 2194 duntaxat
1594 2140 1696 2195 sibi
1748 2155 2078 2210 proponens,

507 2237 571 2284 ut
602 2245 688 2284 me
720 2229 1004 2285 innoxium
1033 2246 1063 2285 e
1092 2230 1274 2285 medio
1305 2230 1550 2288 tolleret:
1581 2246 1683 2286 nec
1712 2247 1885 2302 usque
1914 2231 2082 2287 hodie

504 2320 824 2377 insidiarum
861 2329 916 2377 et
945 2320 1406 2378 obtrectationum
1469 2327 1694 2380 satietas
1730 2326 1880 2381 illum
1910 2326 2081 2398 capit,

500 2412 632 2483 quin
663 2422 784 2483 post
801 2423 1002 2469 tantam
1034 2415 1355 2474 eﬂusionem
1387 2416 1688 2489 sanguinis,
1714 2430 1835 2488 post
1855 2408 2082 2474 miseros

504 2499 776 2561 Romanos
804 2507 860 2561 in
892 2506 1209 2563 servitutem
1227 2510 1551 2574 abstractos,
1580 2519 1704 2579 post
1723 2509 2079 2579 direptiones,

502 2610 568 2654 ac
588 2599 1388 2669 populationes,communeque
1402 2610 1458 2656 et
1474 2601 1916 2674 ultimum,prope
1935 2606 2083 2660 dixe-

503 2688 858 2754 rim,exitinm
879 2707 987 2746 non
1014 2690 1620 2757 adlcommiserationem
1643 2692 1812 2750 ﬂexus
1833 2704 1912 2750 est
1934 2714 1945 2761 ;
1970 2710 2078 2751 non

501 2781 739 2853 aliquam
780 2780 1141 2839 humanitatis
1181 2784 1634 2855 signiﬁcationem
1677 2801 1805 2856 erga
1835 2788 2079 2859 perditos

500 2875 670 2940 dedit,
699 2875 794 2932 sed
819 2876 1002 2932 omnia
1036 2876 1140 2944 illi,
1175 2894 1336 2950 quam
1384 2894 1487 2950 pax
1545 2895 1780 2947 mecum,
1821 2881 2081 2937 tolerabi-

501 2964 634 3025 liora
667 2969 909 3028 l‘uerunt.
938 2970 1104 3041 Atqui
1141 2970 1288 3027 dicet
1329 2969 1559 3027 fortasse
1585 2971 2075 3043 (quemadmodum

503 3059 689 3117 dicere
721 3061 871 3118 illum
900 3062 1087 3128 audio,
1118 3071 1179 3119 ut
1206 3063 1538 3135 imperatrici
1569 3065 1636 3120 ad
1661 3054 1864 3121 bellum
1896 3067 2073 3123 calcar

2182 580 2339 649 δίκης
2371 579 2890 651 καταψηφισθῆναι.
2929 581 3142 651 Δεῆσαν
3167 582 3226 636 δέ
3266 582 3369 637 καὶ
3402 582 3488 648 δὶς
3522 584 3623 638 καὶ
3650 586 3765 653 τρὶς

2183 671 2315 741 περὶ
2342 670 2451 725 τῶν
2483 672 2668 725 αὐτῶν
2705 671 3087 743 διαλεῂἦναι,
3114 673 3454 738 τοσαυτάκις
3482 674 3667 743 ὤμνυε
3700 678 3762 729 τὰ

2184 762 2277 817 ῐοα
2301 763 2400 834 οὐχ
2443 763 2651 834 ἱερεῦσι
2679 765 2843 834 μόνον
2866 765 3175 836 πρέποντα,
3225 766 3368 822 ἀλλὰ
3394 768 3497 823 καὶ
3526 767 3764 832 ἰδιώταις

2180 857 2383 926 ὅρκων.
2427 857 2487 910 '0
2532 854 2626 910 οὖν
2670 858 2991 927 θαυμαστὸς
3020 850 3179 922 οὗτος
3212 859 3478 930 κηδεμὼν
3526 861 3628 913 καὶ
3671 861 3762 914 τοῦ

2180 948 2389 1002 δικαίου
2423 947 2622 1017 φύλαξ,
2684 951 2815 1019 πρὶν
2851 948 2986 1002 δέκα
3043 947 3261 1019 ἐξήκειν
3326 950 3577 1020 ἡμέρας,
3629 952 3765 1021 μετά

2180 1042 2281 1108 τὴν
2340 1041 2481 1111 ἐμὴν
2531 1042 2596 1093 ἐκ
2650 1039 2947 1104 Βυζαντίου
2997 1040 3353 1112 ἀναχώρησιν
3375 1041 3460 1111 τῷ
3490 1059 3759 1113 παρακοι-

2185 1130 2425 1201 μωμένῳ
2484 1131 2731 1193 πεισθεὶς
2795 1134 3300 1203 συκοφαντήσαντι,
3361 1135 3449 1189 ὅτι
3504 1135 3764 1206 βούλομαι

2181 1222 2447 1292 κατάγειν
2475 1223 2639 1278 αὐτὸν
2666 1223 2760 1278 τοῦ
2798 1225 3014 1297 θρόνου,
3048 1227 3146 1279 καὶ
3187 1227 3548 1295 ἀντεισάγειν
3580 1228 3756 1281 Παλα-

2184 1316 2314 1384 μᾶν,
2338 1316 2615 1370 ἐκίνει-τὸν
2656 1316 2925 1388 ἐμφύλιον
2952 1318 3192 1386 πόλεμον
3223 1320 3415 1383 αὐτός’
3446 1322 3762 1390 σαφέστατα

2181 1405 2334 1470 εἰδὼς
2366 1406 2444 1470 ὡς
2483 1411 2839 1478 συκοφαντεῖ.
2881 1409 3250 1480 ’Δμυνόμενος
3290 1411 3354 1463 δὲ
3404 1412 3511 1482 ἐμέ
3561 1414 3660 1481 τῆς
3688 1417 3761 1478 εἰς

2179 1498 2360 1561 αὑτὸν,
2382 1498 2458 1561 ὡς
2483 1498 2643 1570 ᾤετο,
2663 1500 3081 1573 ἀγνωμοσύνης,
3112 1501 3210 1556 καὶ
3244 1500 3498 1572 βασιλίδα
3518 1503 3761 1571 ἐξηπάτα

2181 1590 2274 1643 ὑπ’
2307 1590 2524 1654 οὐδενὸς
2571 1592 2760 1663 ἐτέρου
2804 1593 3118 1663 δυναμένην
3151 1593 3315 1647 τοῦτο
3367 1594 3633 1665 πάσχειν,
3672 1597 3762 1650 καὶ

2182 1683 2274 1738 τὸν
2306 1684 2549 1755 πόλεμον
2580 1683 2774 1751 ἐκίνει,
2810 1684 2936 1754 φεῦ,
2982 1687 3013 1739 δ
3041 1683 3141 1756 τὴν
3173 1687 3407 1757 εἰρήνην
3440 1690 3562 1750 τοῖς
3588 1686 3762 1750 ἄλλοις

2184 1777 2466 1848 παρέχων,
2504 1777 2602 1831 καὶ
2648 1779 2746 1831 τοῦ
2794 1777 3076 1849 εἰρηνικοῦ
3124 1780 3222 1833 καὶ
3263 1779 3449 1850 πράου
3488 1778 3759 1849 μαθητήςο

2186 1870 2328 1940 μήτε
2358 1869 2556 1939 ὅρκους
2587 1868 2881 1935 αἰδεσθεὶς,
2933 1869 3030 1935 οὓς
3087 1869 3215 1941 χθὲς
3247 1870 3345 1925 καὶ
3376 1871 3582 1940 πρώην
3623 1870 3761 1940 ὀμο-

2185 1958 2369 2030 μόκει,
2424 1960 2563 2029 μήτε
2601 1960 2700 2029 τῆς
2733 1959 3025 2030 Ῥωμαίων
3060 1961 3373 2031 συμφορᾶς,
3427 1955 3497 2032 ἧς
3541 1960 3759 2029 [penes

2185 2050 2274 2104 διὰ
2302 2049 2394 2104 τὸν
2427 2050 2667 2120 πόλεμον
2719 2044 3087 2121 πειράσεσθαι
3139 2052 3220 2115 εἰς
3266 2051 3485 2105 ἔννοιαν
3549 2050 3757 2104 ἐλθών·

2181 2141 2320 2195 ἀλλὰ
2356 2142 2493 2213 πρὸς
2546 2142 2604 2195 ἐν
2657 2143 2822 2214 μόνον
2871 2143 3109 2215 βλέπων,
3138 2144 3288 2207 ὅπως
3336 2144 3439 2214 ἐμὲ
3471 2142 3641 2215 ἀνέλῃ
3672 2144 3758 2197 sitv

2182 2232 2337 2287 οὐδὲν
2368 2233 2689 2301 ἠδικηκότα.
2738 2234 2848 2288 Καὶ
2888 2234 3013 2288 οὐδέ
3044 2236 3204 2305 μέχρι
3231 2233 3328 2289 νῦν
3361 2235 3533 2305 κόρον
3562 2235 3757 2304 ἔσχηκε

2183 2325 2293 2379 τῶν
2324 2324 2626 2380 ἐπιϐουλῶν
2674 2326 2769 2380 καὶ
2810 2330 3212 2395 συκοφαντιῶν,
3264 2327 3407 2382 ἀλλά
3458 2329 3561 2381 καὶ
3622 2329 3755 2397 μετὰ

2184 2418 2284 2488 τὴν
2312 2417 2588 2487 τοσαύτην
2619 2418 2728 2472 τῶν
2759 2418 3011 2489 αἱμάτων
3044 2418 3224 2489 χύσιν,
3256 2420 3358 2475 καὶ
3402 2419 3505 2490 τὴν
3556 2421 3753 2490 αἰχμα-

2181 2508 2385 2562 λωσίαν
2407 2509 2515 2563 τῶν
2541 2508 2823 2578 δυστυχῶν
2856 2509 3169 2579 Ῥωμαίων,
3195 2511 3291 2564 καὶ
3307 2511 3408 2573 τὰς
3423 2510 3752 2581 διαρπαγὰς,

2181 2600 2278 2654 καὶ
2303 2601 2401 2664 τὰς
2422 2600 2744 2671 λεηλασίας,
2770 2602 2864 2654 καὶ
2892 2600 2991 2673 τὴν
3028 2603 3214 2672 κοινὴν
3232 2601 3506 2675 ιπανωλεο
3515 2602 3660 2671 ρίαν,
3682 2601 3755 2663 ὥς

2181 2693 2381 2758 εἰπεῖν,
2408 2693 2468 2746 οὐ
2494 2693 2631 2764 πρὸς
2650 2692 2798 2746 ἐλεον
2822 2694 3221 2763 κατεκάμφθησ
3241 2693 3361 2747 οὐδὲ
3390 2688 3585 2748 οἶκτον
3604 2692 3753 2747 ἔλαϐε

2180 2782 2301 2836 τινὰ
2316 2782 2425 2836 τῶν
2445 2783 2811 2853 ἀτυχούντων,
2832 2783 2968 2837 ἀλλὰ
2996 2785 3173 2837 πάντα
3195 2783 3397 2854 μᾶλλον
3418 2786 3752 2855 φορητότερα

2179 2873 2347 2943 αὐτῷ,
2368 2873 2400 2944 ἢ
2424 2874 2457 2944 η
2479 2874 2613 2946 πρὸς
2628 2874 2730 2944 ἐμὲ
2746 2877 2961 2945 εἰρήνη.
2981 2876 3122 2928 Ἀλλ’
3140 2876 3269 2940 ἴσως
3285 2876 3405 2947 ἐρεῖ
3419 2876 3612 2943 ὥσπερ
3628 2877 3754 2945 δῆτα

2179 2965 2526 3037 πυνθάνομαι
2558 2965 2653 3022 καὶ
2690 2966 2875 3035 λέγειν
2906 2967 3232 3039 βουλόμενος
3263 2967 3525 3038 βασιλίδα
3546 2969 3751 3040 μᾶλλον

2181 3056 2451 3126 ἐρεθίζειν
2486 3057 2620 3126 πρὸς
2644 3056 2736 3113 τὸν
2755 3059 3013 3130 πόλεμον,
3036 3060 3108 3123 ὡς
3130 3060 3236 3123 ἕως
3262 3060 3365 3130 μὲν
3396 3060 3583 3132 ὀρθοῖς
3615 3060 3752 3130 ἐώρα

501 3153 698 3224 addat)
750 3170 811 3210 se
860 3156 1104 3226 quandiu
1134 3166 1305 3219 recta,
1340 3164 1396 3212 et
1441 3156 1587 3225 iusta
1632 3160 1984 3229 cog‘tantem,
2020 3168 2075 3215 et

2179 3151 2271 3203 καὶ
2288 3149 2517 3213 δικαίοις
2537 3150 2633 3218 ἐμὲ
2656 3148 2940 3221 χρώμενον
2957 3151 3260 3221 λογισμοῖς,
3275 3151 3465 3205 καὶτὰ
3485 3151 3753 3205 συνοίεονυ

502 3243 630 3299 iiiiis
664 3245 1013 3313 imperatoris
1060 3245 1369 3301 studentem
1416 3245 1639 3313 viderit,
1678 3248 1814 3302 mihi
1848 3248 2069 3315 favisse,

500 3348 559 3391 et
586 3337 770 3405 jurata
797 3334 1100 3390 factitasse.
1131 3336 1213 3390 Ab
1235 3336 1396 3391 olﬁcii
1420 3346 1600 3392 autem
1631 3339 1824 3394 semita
1857 3339 2073 3395 detorto

501 3443 612 3492 me,
643 3436 700 3482 et
746 3425 801 3480 in
833 3427 1014 3482 scelus
1043 3426 1303 3490 abeunte,
1327 3428 1451 3498 jure
1500 3444 1562 3484 ac
1610 3429 1809 3485 merito
1834 3430 2069 3499 impera-

503 3517 638 3572 toris
690 3516 829 3573 ﬁlios
877 3527 1067 3573 contra
1117 3534 1204 3573 me
1257 3518 1575 3574 defendere.
1614 3518 1835 3582 Verum,
1863 3535 1895 3576 o
1930 3523 2071 3578 boize

504 3611 605 3677 vir,
639 3625 876 3680 quonam
907 3611 1048 3664 istnc
1077 3611 1436 3681 argumento?
1468 3611 1524 3665 Si
1560 3614 1705 3667 enim
1734 3611 2072 3668 sul‘ﬁcittan-

503 3712 616 3756 tum
641 3701 934 3769 afﬁrmare,
968 3710 1024 3758 et
1046 3701 1152 3757 hoc
1184 3702 1250 3758 ad
1288 3718 1399 3757 rem
1425 3703 1900 3758 demonstrandam
1941 3708 2072 3760 satis
2095 3733 2111 3751 ο

499 3809 623 3850 esse
653 3794 959 3850 existimari
974 3794 1188 3879 κάρυα,
1238 3812 1319 3852 nte
1367 3806 1425 3852 tu
1466 3797 1630 3852 homo
1669 3797 1916 3867 insignis,
1950 3799 2071 3854 lon-

500 3900 673 3956 geque
701 3885 1053 3944 felicissimus
1103 3902 1196 3954 es,
1233 3890 1324 3958 qui
1352 3889 1488 3944 adeo
1517 3889 1651 3944 citra
1682 3888 1922 3945 laborem
1969 3891 2070 3945 ho-

501 3979 679 4033 stsbus
727 3978 838 4034 tuis
884 3982 1081 4035 evadas
1135 3981 1401 4051 superior.
1444 3980 1516 4035 At
1554 3980 1701 4034 enim
1752 3981 2073 4052 quotidiana

502 4068 759 4140 ﬁgmenta
804 4078 919 4136 tua,
957 4082 1011 4127 et
1060 4087 1331 4141 perversa:
1361 4071 1631 4137 actiones,
1660 4071 1714 4125 in
1749 4071 1949 4140 quibus
1976 4071 2072 4127 de-

501 4163 808 4232 prehensus
844 4178 924 4229 es,
981 4163 1122 4234 apud
1175 4164 1373 4218 multos
1411 4161 1551 4218 hanc
1604 4173 1658 4218 te
1698 4163 1898 4217 habere
1954 4165 2073 4235 epi-

499 4256 720 4311 nionem
760 4271 871 4310 non
924 4257 1127 4311 sinent.
1188 4255 1285 4309 Sin
1336 4265 1517 4311 autem
1561 4255 1704 4310 istuc
1758 4239 1865 4309 non
1892 4256 2070 4311 solum

390 4381 399 4387 -
498 4349 671 4419 loqui,
707 4347 805 4403 sed
828 4357 885 4403 et
915 4345 1106 4418 putare
1133 4347 1451 4402 insanorum
1485 4356 1590 4411 est,
1626 4348 1971 4418 relinquitur,
2013 4359 2072 4403 ut

500 4441 857 4507 probationes
910 4435 1199 4492 aﬁerendze
1256 4438 1386 4492 sint.
1441 4436 1621 4504 Quare
1682 4439 1726 4493 si
1786 4439 2070 4510 quidpiam

2177 3258 2247 3295 τα
2266 3243 2377 3302 τοῖς
2396 3242 2660 3314 βασιλέως
2691 3241 3079 3319 βουλευόμενον
3108 3244 3321 3320 παισὶν,
3345 3243 3543 3304 εὔνους
3565 3239 3634 3314 ἦν
3663 3244 3751 3296 καὶ

2179 3331 2366 3401 nam
2383 3334 2475 3386 καὶ
2496 3333 2720 3403 ἐνέμενε
2756 3334 2867 3397 τοῖς
2890 3334 3072 3406 ὅρκοις
3094 3351 3110 3367 ο
3134 3335 3303 3388 ἐπειδ⁹
3319 3335 3631 3405 ἐξετράπην
3649 3335 3750 3386 τῶν

2176 3422 2403 3478 δεέντων
2428 3424 2523 3479 καὶ
2547 3425 2772 3494 εἱλόμην
2791 3425 3213 3490 ἁδικείν,δίκαια
3232 3425 3403 3478 ποιῶν
3429 3426 3597 3490 αὐτὸς
3616 3425 3751 3495 ἀμύ-

2178 3530 2330 3568 νεται
2364 3514 2506 3584 ὑπὲρ
2533 3515 2642 3568 τῶν
2675 3514 2939 3585 βασιλέως
2967 3516 3200 3571 παίδων.
3234 3516 3346 3569 Καὶ
3371 3517 3459 3578 τίς
3485 3517 3692 3569 minus
3714 3518 3745 3584 ἠ

2177 3600 2532 3670 ἁπόδειξις,ὧ
2548 3606 2732 3675 ’γαθές
2759 3609 2818 3662 Εἰ
2837 3608 2937 3677 μὲν
2956 3607 3063 3679 γὰρ
3085 3608 3246 3678 ἀρκεῖ
3268 3608 3433 3679 μόνον
3450 3609 3644 3671 εἰπεῖν,
3657 3609 3747 3662 καὶ

2175 3684 2522 3768 τοῦτ’ἀρκεῗν
2541 3698 2793 3769 ἡγεῖσθαι
2824 3700 2961 3770 πρὸς
2978 3691 3255 3764 ἀπόδειξιν
3272 3699 3370 3753 τοῦ
3391 3701 3742 3771 πράγματος,

2175 3788 2249 3851 ὼς
2281 3788 2533 3861 λαμπρὸς
2565 3785 2637 3855 εἴ,
2685 3792 2779 3844 καὶ
2810 3791 2879 3844 τὰ
2932 3792 3167 3862 μέγιστα
3198 3792 3539 3864 εὐτύχηκας,
3581 3794 3744 3855 οὕτως

2178 3874 2391 3939 ἀπόνως
2412 3876 2521 3930 τῶν
2551 3877 2758 3947 ἐχθρῶν
2789 3880 3226 3951 περιγινόμενος.
3259 3881 3407 3935 Ἀλλ’
3438 3884 3498 3936 οὐ
3532 3900 3743 3951 συγχω-

2181 3967 2409 4037 ρήσουσι
2459 3970 2528 4022 τὰ
2581 3969 2905 4041 καθημέραν
2936 3970 3260 4040 πλάσματα,
3294 3973 3394 4026 καὶ
3425 3972 3485 4026 τὸ
3517 3972 3651 4043 πρὸς
3676 3972 3742 4023 τὰ

2178 4059 2359 4128 φαῦλα
2389 4060 2717 4129 κατάφωρον
2743 4061 2853 4114 τῶν
2891 4061 3073 4131 ἔργων
3110 4062 3373 4136 τοιαύτην
3415 4062 3564 4134 ἔχειν
3588 4063 3742 4127 δόξαν

2178 4152 2332 4222 παρὰ
2358 4154 2473 4213 τοῖς
2507 4152 2744 4218 πολλοῖς.
2790 4144 2853 4209 Εἰ
2879 4156 2933 4208 δὲ
2959 4156 3120 4209 τοῦτο
3155 4156 3256 4227 μὲν
3293 4156 3742 4227 μελαγχολῶντος

2177 4247 2275 4316 οὐχ
2303 4247 2384 4301 ὅτι
2412 4247 2615 4317 λέγειν,
2650 4245 2789 4300 ἀλλὰ
2832 4248 2923 4301 καὶ
2954 4228 3191 4326 citabat,
3215 4249 3400 4303 λοιπὸν
3431 4250 3613 4304 τοίνυν
3639 4268 3744 4318 χω-

2179 4339 2298 4408 ρεῖν
2328 4338 2465 4409 πρὸς
2496 4341 2623 4405 τοὺς
2662 4340 2940 4411 ἐλέγχους.
2970 4340 3031 4393 Εἰ
3069 4342 3168 4411 μὲν
3201 4329 3295 4394 οὖν
3324 4342 3451 4411 ἐμοί
3483 4358 3537 4394 τι
3576 4340 3744 4393 σύνοι-

2177 4430 2267 4485 δεν
2294 4430 2457 4495 αὐτὸς
2479 4431 2743 4519 τοιοῦτον,
2775 4428 3113 4503 ἐξελεγχέτω
3152 4434 3429 4504 φανερῶς·
3458 4435 3506 4488 εἰ
3546 4433 3593 4486 δ’
3625 4433 3741 4486 ἐτέ-

500 4526 880 4599 hujuscemodi
927 4527 996 4583 de
1038 4542 1125 4582 me
1154 4527 1325 4593 novit,
1375 4527 1548 4598 palam
1594 4542 1680 4583 me
1728 4530 2069 4601 redarguat:

2179 4538 2288 4594 ρων
2352 4524 2519 4591 φησιν
2546 4510 2866 4593 ἀκηκοέναι,
2903 4523 3201 4596 παραγέτω
3263 4524 3392 4589 τοὺς
3426 4524 3738 4596 μάρτυρας·

497 4624 661 4696 607
722 4622 806 4677 sin
846 4620 913 4677 ab
951 4620 1059 4676 alio
1102 4635 1161 4676 se
1200 4619 1480 4692 accepisse
1524 4621 1688 4689 dicat,
1731 4632 1898 4678 testes
1942 4637 2072 4693 pro-

499 4720 686 4781 ducat,
735 4714 879 4786 quod
913 4729 1042 4769 non
1069 4714 1274 4783 poterit
1317 4728 1334 4768 :
1368 4712 1475 4769 nisi
1517 4730 1734 4769 rursum
1764 4729 1873 4768 non
1911 4729 2071 4784 argu-

501 4808 753 4873 mentari,
789 4807 884 4862 sed
923 4806 1305 4878 sycophantari
1354 4808 1728 4862 tantummodo
1765 4807 1916 4863 velit.
1958 4806 2073 4877 Ego

501 4915 632 4956 vero
680 4914 749 4957 οι
787 4899 903 4970 ipsa
948 4914 1008 4953 re
1036 4897 1436 4952 ﬁrmamentum
1489 4907 1668 4968 petam
1725 4898 2073 4954 evidentissi-

499 5006 671 5046 mum.
703 4988 891 5079 Ne\que
914 4987 1063 5043 enim
1084 4995 1376 5059 antequam
1407 4988 1604 5043 bellum
1635 4988 1711 5043 illi
1739 4988 2070 5050 excitarunt,

498 5098 680 5153 neque
705 5081 892 5137 statim
946 5091 1005 5136 ut
1057 5080 1387 5147 excitarunt,
1432 5083 1515 5135 vel
1563 5082 1878 5136 meditatum
1928 5096 2069 5146 esse,

500 5172 587 5228 vel
616 5172 815 5229 fecisse
852 5171 1149 5241 quidquam
1195 5168 1513 5224 insidiarum
1565 5170 1691 5225 ﬁliis
1725 5169 2073 5239 imperatoris

499 5266 718 5320 ostendi
746 5273 925 5334 potest
962 5281 977 5319 :
1012 5248 1121 5318 sed
1163 5270 1283 5332 post
1317 5262 1508 5317 matris
1547 5276 1680 5316 meae
1701 5252 1919 5330 ﬁliique
1955 5276 2074 5316 car-

500 5371 719 5421 cerem;
748 5362 875 5425 post
924 5369 1168 5409 mearum
1202 5354 1537 5410 fortunarum
1580 5352 2073 5422 despoliationem;

499 5456 622 5518 post
676 5447 1000 5512 amicorum,
1066 5456 1531 5519 cognatorumque
1594 5443 2071 5516 proscriptionem,

501 5555 611 5596 non
643 5540 710 5594 ad
746 5539 1125 5609 ulcisdendum
1157 5555 1277 5596 sum
1312 5553 1619 5610 aggressus,
1655 5536 1749 5591 sed
1773 5536 2071 5607 aspiciens,

499 5646 609 5703 quo
627 5630 891 5687 malorum
910 5632 1109 5687 bellum
1129 5641 1377 5687 mutuum
1396 5629 1671 5694 evaderet,
1690 5629 1838 5684 dolui
1853 5628 2071 5699 quidem

498 5724 566 5780 ab
584 5723 744 5779 initio
760 5732 943 5780 natum
963 5732 1167 5790 esse,et
1184 5722 1315 5777 illud
1330 5723 1479 5793 quasi
1504 5720 1772 5775 ﬂammam
1796 5721 2072 5777 irritantes

497 5816 733 5888 graviter
755 5829 985 5888 peccare
1004 5815 1134 5872 duxi
1157 5830 1170 5870 :
1190 5817 1309 5886 ipse
1331 5821 1745 5885 vero,quantum
1766 5814 1819 5868 in
1842 5829 1927 5870 me
1946 5812 2049 5869 fuit

2175 4613 2414 4668 ἀλλὀὐκ
2452 4615 2518 4667 ἂν
2548 4613 2687 4684 ἔχοι,
2737 4616 2786 4669 εἰ
2847 4616 2922 4687 μὴ
2969 4619 3331 4684 συκυφαντείν
3362 4610 3519 4679 αὖθις
3559 4616 3739 4680 ἀνεξέ-

2175 4704 2383 4772 λεγκτα
2413 4704 2613 4760 ἐθέλοι.
2658 4704 2803 4773 Ἐγὼ
2849 4706 2907 4760 δέ
2953 4707 3053 4779 τὴν
3087 4706 3195 4761 ἀπὸ
3223 4706 3334 4760 τῶν
3363 4707 3543 4777 εργων
3574 4707 3735 4777 παρέα

2176 4795 2337 4865 ξομαι
2360 4797 2769 4868 ἐναργεστάτην
2804 4797 3142 4869 μαρτυρίαν.
3173 4797 3314 4851 Οὔτε
3352 4799 3462 4868 γὰρ
3492 4799 3620 4865 πρὶν
3644 4798 3733 4851 τὸν

2174 4888 2414 4959 πόλεμον
2440 4889 2731 4960 κινηθῆναι
2760 4890 2886 4961 παρ’
2916 4892 3267 4960 αὐτῶν,ὀὖτε
3294 4892 3730 4962 βεϐουλευμένος,

2175 4980 2299 5035 οὗτε
2333 4982 2545 5053 πράξας
2568 5000 2623 5036 τι
2659 4983 2796 5053 πρὸς
2840 4983 3138 5055 ἐπιϐουλὴν
3168 4985 3277 5037 τῶν
3319 4983 3585 5055 βασιλέως
3613 4982 3733 5036 sub

2174 5072 2279 5126 δων
2316 5073 2381 5127 ἂν
2415 5057 2664 5146 φανείην,
2725 5074 2839 5129 οὔτ’
2889 5075 3053 5139 εὐθὺς
3084 5076 3389 5148 ἡργμένου·
3430 5076 3570 5130 ἀλλὰ
3602 5076 3733 5145 μετᾶ

2173 5166 2274 5235 τὴν
2308 5167 2408 5235 τῆς
2459 5169 2665 5241 μητρὸς
2723 5169 2819 5222 καὶ
2874 5168 2971 5223 τοῦ
3032 5168 3153 5223 υἰοῦ
3212 5168 3463 5241 εἱρκτήν,
3513 5170 3605 5222 καὶ
3640 5168 3732 5237 τὴν

2174 5259 2540 5331 ἀποστέρησιν
2579 5260 2688 5314 τῶν
2720 5260 2910 5329 ὄντων,
2960 5262 3055 5315 καὶ
3087 5262 3185 5332 τὴν
3215 5262 3623 5333 δήμευσιν-τῶν
3648 5261 3732 5329 σί-

2173 5350 2299 5417 λων,
2330 5352 2554 5408 καὶτῶν
2585 5352 2891 5422 συγγενῶν,
2922 5353 2984 5408 οὒ
3007 5353 3145 5424 πρὸς
3168 5354 3230 5407 τὸ
3255 5353 3560 5423 ἀμύνεσθαι
3585 5354 3732 5422 ἐτρε-

2174 5443 2382 5515 πῦμην,
2415 5443 2529 5499 ἀλλ’
2553 5443 2697 5516 ὁρῶν
2729 5446 2779 5498 οἰ
2805 5444 2995 5499 κακῶν
3029 5446 3058 5498 ὁ
3099 5445 3236 5513 πρὸς
3265 5444 3526 5515 ἀλλήλους
3551 5444 3728 5498 τελευο

2173 5534 2329 5604 στήσει
2358 5533 2617 5604 πόλεμος,
2648 5534 2894 5606 ἠχθόμην
2930 5535 3030 5605 μὲν
3080 5535 3435 5604 κινουμένου,
3472 5534 3568 5587 καὶ
3608 5533 3724 5594 τοὺς

2173 5612 2573 5695 παροξύνοντας
2618 5626 2676 5679 ἐν
2718 5626 2924 5689 αἰτίαις
2949 5622 3124 5695 ἦγον·
3170 5626 3332 5691 αὐτὸς
3380 5624 3439 5678 δέ
3485 5624 3558 5687 ὡς
3589 5617 3727 5691 εἶχον

2176 5717 2413 5786 μάλιστα
2439 5714 2773 5781 ἐσπούδαζον
2808 5716 3127 5782 καταλύειν,
3159 5715 3255 5769 καὶ
3277 5714 3576 5786 «κρεσσείαν
3594 5711 3725 5785 ὑπὲρ

2174 5809 2273 5880 τῆς
2308 5810 2529 5882 εἰρήνης
2575 5807 2899 5883 ἐποιούμην.
2955 5811 3069 5867 Καὶ
3115 5812 3216 5881 τὴν
3256 5809 3414 5882 δίκην
3467 5808 3722 5877 ἀπῄτουν,
