3964 6568
382 424 524 515 Μιξό
1461 368 1947 513 ςΗιετοιιιΑΒ·

2051 413 2055 468 :
2100 408 2331 470 LIBER
2371 407 2488 468 IlI.
2733 391 2737 394 ’
3240 448 3247 453 .
3419 461 3431 472 ,
3481 401 3616 469 1146

376 513 475 597 stat
504 541 568 593 οὐ
586 537 954 610 παρῃτούμην
981 534 1042 589 τὺ
1068 535 1144 607 μὴ
1173 532 1377 589 διδόναι
1405 531 1583 594 δίκας.
1611 531 1679 585 ἂν
1710 528 1941 597 ἐλέγχω-

2052 522 2105 577 id
2138 521 2481 591 exstinguere
2506 515 2770 579 laboravi,
2785 525 2838 572 et
2866 515 3191 586 legationem
3208 513 3276 569 de
3297 529 3425 582 pace
3447 518 3569 570 misi
3594 534 3609 583 ;

381 648 480 700 μαι
504 598 804 699 ἐπιορκῶν.
837 598 1032 689 λύῠτοῖς
1064 598 1417 686 δὲ’τοσοῦτον
1450 623 1691 692 ἐμέλησε
1732 619 1828 674 τοῦ
1873 619 1943 671 τὰ

2045 627 2100 671 et
2112 613 2376 685 judicium
2395 611 2694 682 petivi,nee
2709 609 2969 680 pmnas,si
2986 609 3212 679 periurii
3229 610 3608 675 convincerer,

375 719 563 773 δίκαια
593 718 791 780 ποιεῖν,
828 718 860 788 ἢ
899 716 1155 787 πρόνοιάν
1187 732 1309 769 τινα
1345 712 1619 769 ποιεῖσθαι
1646 711 1742 765 τοῦ
1774 728 1940 765 κατα-

2044 712 2368 781 deprecatus
2396 722 2536 763 sum.
2570 710 2637 760 At
2664 706 2795 777 ipsis
2814 707 2949 761 adeo
2969 720 3114 760 curre
3140 720 3248 760 non
3277 704 3379 759 fuit
3404 704 3609 760 servire

374 807 599 861 λύεσθαι
638 810 729 860 τὴν
766 808 1022 876 πόλεμον,
1070 807 1208 861 ὥστε
1241 808 1333 860 ἐπὶ
1362 808 1478 868 τοῖς
1533 805 1800 874 πρότερον
1846 821 1939 873 γε-

2061 803 2289 868 ‘ustitiaa,
2307 807 2402 857 aut
2416 800 2797 876 cegitationem
2816 799 3048 868 aliquam
3071 798 3194 852 belli
3215 798 3626 867 comprimendi

372 898 822 968 15vqp£voz;ép.t
855 898 1026 952 πολλά
1060 898 1536 969 περιυϐρίσαντες,
1569 898 1664 949 καὶ
1690 897 1937 966 λοιδορη-

2042 899 2341 963 suscipere,
2386 902 2443 948 ut
2478 908 2641 961 supra
2683 892 2891 962 priores
2924 888 3175 960 injurias,
3210 900 3267 945 et
3299 891 3607 955 maledicta,

378 989 607 1056 σάμενοι
642 991 731 1067 ἐπ’
762 990 1082 1059 ἐκκλησίας,
1105 990 1298 1045 ἔπειτα
1334 988 1814 1062 ἑρεσχελήσαντες,
1845 992 1939 1043 καὶ

2047 988 2219 1043 multo
2251 986 2548 1055 majoribus
2582 985 2635 1037 in
2680 993 2948 1037 conventu
2983 998 3069 1037 me
3098 983 3403 1044 onerarint,
3439 991 3491 1035 ct
3531 982 3609 1035 le-

377 1083 507 1143 τοὺς
538 1081 796 1150 πρέσϐεις
824 1082 1198 1150 κακώσαντες,
1223 1084 1298 1147 ὡς
1331 1085 1563 1153 μάλιστα
1602 1083 1939 1154 ἀπέπεμψαν

2042 1092 2196 1153 gatos
2226 1078 2545 1137 scammatis
2573 1077 2760 1130 illusos
2789 1075 3184 1144 insigniterque
3207 1083 3451 1133 Vasates,
3487 1073 3607 1127 sine

376 1173 715 1241 ἀπράκτους.
771 1175 928 1228 Μετά
980 1175 1141 1229 τοῦτο
1197 1176 1253 1228 δὲ
1291 1175 1479 1248 ὥσπερ
1525 1175 1707 1246 ἔργοις
1755 1177 1940 1240 αὐτοῖς

2042 1188 2307 1242 responso
2353 1169 2685 1225 dimiserint.
2726 1169 2801 1220 Ad
2834 1168 2949 1220 haec
2996 1166 3142 1220 velut
3168 1180 3331 1235 opere
3358 1165 3477 1235 ipso
3513 1180 3607 1219 voc

376 1262 693 1334 βουλόμενοι
748 1267 1060 1335 καταφανὲς
1097 1269 1292 1333 ποιεῖν,
1323 1268 1407 1320 ὅτι
1452 1266 1547 1321 τοῦ
1587 1267 1803 1321 δικαίου
1839 1267 1940 1337 μὲν

2045 1266 2223 1320 lentes
2253 1264 2531 1318 declarare
2563 1276 2622 1314 sc
2652 1268 3009 1313 contemnere
3031 1256 3318 1325 justitiam,
3353 1272 3421 1310 ne
3455 1254 3610 1311 colu-4

372 1355 564 1409 ούδὲνα
593 1356 876 1412 ποιοῦνται
903 1360 1084 1428 λόγον,
1106 1361 1228 1414 οὐδὲ
1250 1361 1581 1431 προφάσεως
1608 1360 1754 1423 τινὸς
1774 1360 1937 1414 ἓνεκα

2042 1371 2160 1413 rem
2199 1366 2312 1409 tum
2344 1354 2586 1423 quidem,
2621 1367 2715 1405 seu
2748 1350 3113 1403 velamentum
3155 1349 3282 1403 belli
3320 1348 3605 1403 honestum

374 1446 737 1517 εὐπροσώπου
768 1449 977 1504 εἴλοντο
1004 1454 1097 1504 τὸν
1123 1452 1389 1522 πόλεμονῖ
1404 1451 1519 1506 ἀλλ’
1549 1454 1653 1519 ἐμὲ
1677 1454 1938 1506 ἀποκτείο

2039 1451 2424 1521 ηιιιεείνεηιηι,
2463 1447 2557 1500 sed
2600 1455 2657 1499 ut
2694 1459 2779 1498 me
2817 1458 3038 1513 quoquo
3082 1443 3245 1497 modo
3274 1442 3604 1513 jugulareut,

373 1553 487 1595 νειν
524 1540 590 1591 ἐκ
644 1542 840 1604 παντὸς
873 1544 1078 1614 τρόπου
1133 1545 1425 1616 ᾑρημένοι,
1490 1548 1789 1617 πρόσχημα
1841 1544 1937 1599 τοῦ

2043 1545 2237 1599 ardens
2276 1539 2644 1608 imperatrieis
2694 1535 2912 1590 tuendae
2966 1534 3208 1588 studium
3267 1526 3608 1598 simulantes,

372 1627 617 1720 πηιλέμου
670 1631 762 1720 1m
795 1610 937 1704 ὑπὲρ
980 1610 1264 1704 βασιλίδος.
1308 1610 1588 1692 ποιοῦνται
1624 1610 1812 1707 ξήλον,
1849 1637 1937 1691 θε-

2105 1637 2217 1691 icta
2247 1634 2673 1700 circumquaque
2703 1644 2802 1699 per
2828 1627 2995 1682 urbes
3023 1626 3382 1686 missitarunt,
3411 1624 3610 1693 quibus
3660 1610 3670 1619 “

372 1718 659 1783 σπίσματα
688 1716 1015 1793 ἷπεπόμφασι
1067 1727 1323 1797 πανταχῆ
1367 1728 1478 1780 τῶν
1515 1726 1724 1782 πόλεων
1754 1729 1936 1782 πᾶσαν

2071 1736 2093 1783 t
2137 1739 2429 1780 commune
2461 1721 2662 1778 bellum
2695 1718 3089 1788 signiﬁcarent,
3133 1725 3189 1771 et
3235 1716 3385 1770 omni
3412 1716 3478 1768 ad
3519 1729 3635 1769 cas.

369 1811 580 1921 εἴσοδον
605 1814 733 1921 capi
781 1816 920 1921 πρὸς
947 1818 1122 1921 αὐτάς
1149 1819 1590 1890 ἀπαγορεύοντα,
1618 1821 1717 1873 καὶ
1753 1820 1934 1873 κοινὸν

2045 1819 2190 1876 aditu
2234 1818 2369 1873 mihi
2414 1815 2827 1872 interdicerent.
2869 1811 3060 1883 Neque
3095 1810 3240 1865 intra
3271 1809 3372 1863 hos
3411 1806 3610 1862 limites

370 1901 635 1973 πολέμιον
667 1906 1089 1964 ἀποδεικνύντα.
1129 1910 1239 1962 Καὶ
1263 1910 1324 1963 οὔ
1359 1911 1521 1980 μέχρι
1552 1910 1743 1966 τούτου
1772 1911 1935 1976 ἐστη-

2045 1930 2101 1969 se
2148 1910 2421 1967 continuit
2467 1922 2658 1964 eorum
2713 1904 3081 1976 improbitas:
3115 1903 3249 1973 quin
3304 1900 3467 1955 etiam
3517 1899 3610 1955 hic

372 2009 476 2046 oav
503 1995 603 2067 τὴν
632 1996 886 2063 ἀτοπίαν,
923 1998 1059 2053 ἀλλά
1090 2002 1182 2053 καὶ
1210 2001 1399 2054 ἐνθάδε
1430 2001 1785 2071 διατρίϐοντι,
1813 2002 1937 2055 ἐκέ-

2044 2000 2480 2076 (Didymotichi)
2526 1996 2769 2057 versanti
2825 1994 2959 2050 milii
3010 1995 3368 2063 imperarunt,
3397 2005 3466 2043 ne
3511 2003 3609 2058 pe-

372 2083 533 2138 λευον
568 2086 670 2156 τῆς
698 2087 876 2158 πύλης
917 2091 991 2161 μὴ
1037 2091 1377 2162 προϐαίνειν·
1418 2092 1556 2145 ἀλλὰ
1592 2094 1731 2147 οίκοι
1762 2094 1936 2164 καθή-

2040 2099 2161 2154 dem
2197 2106 2351 2152 extra
2377 2104 2585 2165 portam
2612 2089 2764 2145 urbis
2791 2089 3067 2151 eﬂerrem,
3094 2087 3188 2142 sed
3217 2086 3363 2140 domi
3388 2082 3605 2148 sedens,

374 2191 562 2245 μενον,
613 2176 712 2248 τὴν
749 2179 1083 2249 ἀναιροῦσαν
1123 2180 1304 2251 ψῆφον
1339 2184 1679 2253 περιμένειν.
1729 2184 1796 2238 Τί
1842 2184 1939 2239 οὖν

2044 2188 2365 2244 sententiam
2401 2184 2688 2256 capitalem
2742 2189 3143 2252 exspectarem.
3197 2176 3337 2245 Quid
3378 2176 3498 2246 (per
3528 2176 3609 2244 ip-

374 2282 444 2336 με
476 2268 613 2337 πρὸς
640 2268 816 2323 ταῦτα
852 2275 1029 2324 ποιεῖν
1060 2273 1231 2343 ἐχρῆν
1283 2273 1424 2344 πρὸς
1454 2274 1626 2343 αὐτῆς
1672 2276 1772 2344 τῆς
1806 2276 1939 2347 άληι

2045 2298 2153 2338 sam
2190 2281 2476 2336 veritatem
2512 2291 2696 2347 quaaso
2724 2278 2848 2344 vos)
2880 2274 2969 2328 hic
3001 2288 3086 2327 me
3109 2272 3288 2326 facere
3326 2267 3610 2338 Oportuit‘i

372 2357 567 2424 θείας;
600 2361 1098 2433 συγκαλυψάμενον
1158 2368 1481 2435 περιμένειν
1532 2365 1632 2436 τήν
1681 2371 1933 2438 σειιαγήνς

2041 2376 2180 2431 intra
2220 2372 2459 2442 parietes
2502 2370 2696 2432 latere,
2748 2376 2803 2423 et
2850 2380 3041 2421 necem
3087 2360 3444 2433 exspectare?
3473 2359 3606 2425 Quis

381 2450 526 2506 ’Δλλ’
553 2453 654 2507 οὐκ
681 2454 749 2507 ἂν
789 2454 943 2519 ἔδοξα
971 2458 1375 2527 σωφρονοῦντος
1401 2459 1635 2529 χρῆσθαι
1656 2460 1936 2531 λογισμοῖς

2042 2485 2127 2525 me
2156 2484 2262 2524 non
2295 2467 2503 2522 fatuum
2528 2469 2863 2527 numeraret,
2893 2461 2938 2514 si
2970 2458 3070 2522 sic,
3099 2457 3247 2510 nulla
3276 2470 3397 2511 cum
3429 2452 3607 2516 laude,

369 2543 548 2635 οῦτως
575 2546 787 2610 ἀκλεῶς
816 2549 908 2601 καὶ
946 2549 1157 2617 ἀτίμως
1182 2550 1565 2621 ἀποθνήσκων·
1600 2553 1736 2607 άλλά
1764 2570 1934 2608 κατα-

2061 2563 2167 2635 [uin
2196 2560 2377 2632 potius
2405 2572 2530 2611 cum
2563 2556 2834 2609 dedecore
2862 2549 3157 2605 morerer?
3189 2547 3269 2601 An
3301 2545 3626 2615 perculsum-

373 2632 652 2723 πλαγέντα
690 2635 830 2705 πρὸς
856 2636 953 2707 τὴν
981 2638 1203 2708 ἀθρόαν*
1230 2640 1341 2692 τῶν
1376 2643 1723 2711 πραγμάτων
1768 2661 1936 2714 μετα-

2045 2632 2147 2713 tam
2204 2651 2490 2723 repentina
2539 2662 2722 2702 rerum
2760 2641 3119 2699 conversione
3166 2637 3504 2699 illiberalem,
3547 2649 3610 2690 ac

371 2722 560 2814 ϐολήν,
596 2725 759 2780 δοῦλα
787 2731 1007 2797 φρονεῖν
1038 2731 1134 2783 καὶ
1153 2730 1507 2803 ἀνελεύθερα,
1561 2739 1656 2787 καὶ
1704 2735 1936 2805 παραδι-

2041 2722 2295 2805 servilem
2327 2756 2530 2814 gerere
2561 2737 2827 2802 animum,
2865 2735 3189 2803 tradereque
3231 2746 3317 2785 me
3348 2728 3605 2800 prmfecto

368 2813 521 2907 δόναι
559 2820 1045 2903 παρακοιμωμένῳ
1077 2822 1336 2890 ἐμαυτὸν,
1383 2822 1514 2877 ὥστ’
1559 2825 1650 2876 ἐπ’
1685 2825 1933 2892 ἐξουσίας

2042 2838 2301 2901 cubiculi,
2326 2813 2415 2907 qui
2447 2837 2571 2907 jure
2600 2847 2699 2889 suo
2730 2830 2864 2885 mihi
2899 2829 3081 2883 facere
3129 2824 3271 2879 male
3321 2829 3502 2891 posset
3551 2827 3607 2875 et

371 2906 519 2977 ἔχειν
564 2909 752 2974 κακῶς
801 2913 1000 2978 ποιεῖν,
1063 2915 1159 2968 καὶ
1211 2917 1294 2978 είς
1343 2917 1699 2989 δεσμωτήρια
1754 2921 1930 2989 ἄγειν,

2040 2932 2092 2986 in
2143 2945 2419 2985 carcerem
2452 2906 2697 2991 trudere,
2735 2932 2797 2978 ut
2844 2922 2948 2976 alia
2991 2918 3284 2987 mancipia,
3315 2928 3432 2984 quae
3466 2912 3605 2966 ultro

370 2997 564 3069 ὥσπερ
599 3001 668 3054 τὰ
698 3002 1006 3070 ἀνδράποδα
1041 3005 1247 3068 ἐκεῖνα,
1272 3006 1322 3060 οἳ
1345 3009 1487 3075 σφᾶς
1513 3009 1711 3073 αὐτοὺς
1741 3011 1934 3082 ἐκείνῳ

2037 3037 2096 3079 se
2124 3023 2199 3076 illi
2229 3019 2595 3082 tradiderunt,
2628 3030 2859 3085 quorum
2895 3011 3117 3082 quidam
3148 3008 3304 3063 lienis
3329 3007 3441 3060 suis
3476 3011 3602 3056 ante

370 3093 841 3181 παραδεδωκότες,
892 3098 942 3149 οί
1011 3096 1111 3166 μὲν
1161 3097 1373 3153 οἰκοῦσι
1426 3099 1781 3173 δεσμωτήρια
1835 3103 1926 3173 δη-

2038 3115 2141 3170 sub
2170 3110 2434 3183 praeconis
2462 3123 2653 3164 vocem
2697 3104 2981 3174 subjectis,
3024 3111 3078 3156 et
3121 3099 3290 3154 variis
3338 3094 3603 3151 acerbita-

369 3187 598 3257 μεύσέις
633 3190 902 3257 πρότερον
933 3190 1351 3260 ὑπομείναντες,
1384 3196 1479 3248 καὶ
1511 3195 1686 3248 ἄλλων
1734 3200 1933 3265 πεῖραν

2040 3208 2181 3263 tibus
2231 3202 2497 3266 aiilietati,
2529 3215 2782 3255 carceres
2831 3196 3098 3260 incolunt,
3141 3192 3234 3246 alii
3277 3204 3389 3244 non
3445 3200 3605 3243 secus

365 3278 647 3373 δυσχερῶν
673 3280 924 3335 πολλῶν·
961 3282 1013 3335 οί
1058 3282 1217 3336 δ’·ὲν
1269 3285 1453 3353 Καρὸς
1495 3286 1658 3358 μοίρᾳ
1708 3288 1930 3355 ἄγονται

2040 3316 2196 3373 quam
2250 3299 2417 3356 Cares
2472 3305 2731 3363 aguntur,
2772 3300 3166 3362 raptanturque
3215 3297 3443 3339 necesse
3501 3281 3605 3335 ba-

368 3371 467 3426 καὶ
494 3372 774 3440 φέρονται,
809 3374 919 3425 πᾶν
965 3373 1030 3462 τό
1076 3377 1551 3445 προσταττόμενον
1600 3379 1693 3430 ὑπ’
1722 3379 1931 3433 ἐκείνου

2042 3371 2227 3449 lientes
2253 3391 2475 3461 exsequi
2519 3387 2883 3458 quodcunque
2904 3383 2990 3436 ille
3011 3376 3372 3435 mandaverit.
3398 3372 3462 3427 Et
3486 3372 3607 3442 qui-

369 3466 544 3518 ποιεῖν
577 3463 795 3534 ἔχοντες
853 3466 1122 3537 ἀνάγκην.
1170 3469 1293 3533 ,Καὶ
1350 3469 1520 3522 ποίων
1563 3471 1626 3523 ού
1682 3471 1932 3526 θανάτων

2039 3485 2137 3538 bus
2167 3482 2409 3542 tandem,
2458 3495 2519 3532 ac
2567 3476 2711 3532 mille
2761 3473 3031 3528 mortibus
3080 3470 3195 3524 haec
3220 3464 3604 3537 aequiparamla

365 3557 595 3621 ἀντάξια
632 3559 844 3628 μυρίων
871 3559 1080 3628 ταῦτα;
1132 3561 1166 3631 ἢ
1221 3564 1357 3615 πότε
1388 3564 1455 3617 ἀν
1497 3566 1525 3617 ό
1572 3564 1724 3635 ἣλιος
1753 3568 1930 3621 ἐπεῖδε

2037 3591 2146 3631 non
2204 3573 2368 3629 sunt?
2425 3571 2590 3641 608
2635 3577 2731 3622 aut
2778 3564 2997 3635 quando
3049 3562 3128 3617 sol
3172 3562 3276 3614 ltac
3316 3557 3602 3614 insolentia

368 3646 600 3720 μείζονα
649 3652 745 3705 καὶ
785 3652 1224 3737 παραδοξοτέραν
1257 3654 1511 3721 ἀτοπίαν,
1556 3655 1697 3709 ῶστε
1741 3658 1832 3711 τὸν
1869 3660 1933 3711 ὲκ

2038 3668 2332 3738 quidquam
2365 3666 2452 3717 vid
2482 3674 2500 3719 t
2535 3660 2856 3715 insolentius
2884 3665 3048 3725 atque
3082 3653 3413 3713 inusitatius,
3444 3655 3504 3702 ut
3538 3663 3603 3701 ex

370 3745 630 3815 κοπρίας,
660 3746 689 3798 ὃ
719 3761 904 3814 φασιν,
931 3745 1220 3817 ἄνθρωπον
1255 3747 1348 3799 ὑπ’
1375 3748 1509 3817 ἐμοῦ
1541 3752 1933 3821 γεγενημένον,

2040 3769 2299 3821 stercore,
2327 3755 2469 3824 quod
2503 3755 2680 3819 aiunt,
2712 3752 2872 3804 homo
2900 3760 3093 3802 servus
3135 3758 3309 3807 meus,
3342 3740 3434 3809 qui
3468 3739 3605 3792 mul-

367 3839 469 3891 καὶ
499 3837 640 3907 μέγα
666 3839 1091 3908 σεμνυνόμενον,
1122 3839 1190 3892 ἂν
1211 3838 1305 3892 καὶ
1330 3839 1642 3909 βλέμματος
1667 3843 1932 3914 ἐτύγχανε

2038 3861 2152 3906 tum
2192 3848 2536 3918 gloriaretur,
2568 3845 2613 3899 si
2656 3858 2685 3895 a
2732 3855 2820 3895 me
2861 3837 3074 3909 placido
3123 3835 3276 3888 vultu
3332 3834 3599 3902 dignatus,

370 3929 700 4000 προσηνοῦς,
748 3929 779 4000 ἢ
817 3928 979 3997 λόγου
1022 3931 1170 3993 τινὸς
1207 3931 1492 3996 δοκοῦντος
1549 3935 1798 4005 εὐμενῶς
1852 3938 1933 3990 είο

2037 3951 2132 3996 aut
2162 3940 2329 3995 verbo
2359 3936 2619 3993 amiciore
2645 3932 2948 4004 appellatus
2979 3937 3145 3993 esset,
3176 3939 3323 3980 nunc
3353 3922 3602 4005 petulano

376 4024 597 4094 ρῆσθαι,
632 4023 822 4078 τοῦτον
843 4024 1089 4095 ὑϐρίζειν
1132 4027 1280 4097 ἔχειν
1312 4028 1393 4091 είς
1431 4028 1553 4094 ἐμὲ,
1595 4004 1691 4083 καὶ
1737 4033 1806 4101 τῇ
1840 4032 1936 4083 αύ-

2038 4043 2122 4089 ter
2157 4035 2210 4087 in
2254 4045 2342 4086 me
2397 4027 2682 4086 insultare.
2720 4038 2987 4091 suumque
3039 4021 3235 4074 fastum
3265 4030 3318 4071 et
3356 4004 3603 4084 maligni—

368 4114 579 4186 θαδείᾳ,
613 4115 709 4169 καὶ
741 4115 1085 4187 κακοτροπίᾳ,
1127 4117 1509 4187 χρῆσθαι;Δι⁹
1558 4119 1594 4175 ἃ
1636 4120 1701 4192 δὴ
1753 4125 1932 4177 πάντα

2037 4134 2203 4181 tatem
2251 4135 2569 4192 expromere
2625 4116 2835 4189 possit?
2890 4108 2972 4169 Ob
3021 4112 3185 4166 hasce
3233 4123 3430 4163 causas
3490 4121 3598 4169 me,

369 4208 566 4272 σώζειν
597 4209 836 4278 ἐμαυτὸν
881 4208 1132 4279 εἱλόμην,
1165 4212 1258 4262 καὶ
1287 4210 1415 4273 τοὺς
1446 4213 1725 4278 συνόντας·
1760 4217 1856 4268 καὶ
1902 4210 1932 4268 ὃ

2038 4229 2301 4285 meosque
2365 4225 2584 4267 servare
2665 4206 2812 4263 volui
2857 4221 2870 4257 :
2911 4214 2968 4259 et
3030 4201 3172 4271 quod
3230 4209 3603 4266 sa‘penunnrro

370 4300 633 4363 πολλάκις
684 4302 713 4355 ό
771 4301 1042 4372 μακάριος
1098 4301 1177 4371 τῷ
1229 4302 1347 4356 δντι
1403 4301 1661 4373 βασιλεὺς
1725 4308 1935 4375 ἐκεῖνος

2034 4326 2162 4367 vere
2196 4310 2388 4364 beatus
2422 4304 2511 4358 ille
2564 4302 2863 4371 imperator
2903 4298 3148 4367 urgebat,
3198 4292 3451 4363 qttodque
3484 4302 3599 4340 om-

365 4395 644 4466 ἠνάγκαζε
676 4397 869 4461 ποιεῖν,
907 4394 1098 4467 ῶσπερ
1125 4400 1329 4462 πάντες
1364 4396 1510 4454 ίσασι
1542 4401 1751 4470 σαφῶς,
1785 4405 1930 4458 τοῦτ’

2036 4417 2138 4458 nes
2185 4407 2407 4460 norunt,
2454 4394 2691 4450 inimicis
2765 4390 3112 4460 potissimum
3149 4402 3216 4441 eo
3256 4382 3601 4438 necessitatis

368 4489 641 4558 ἔπραττον
675 4488 769 4541 ὑπ’
800 4487 1026 4541 ἐκείνων
1057 4488 1293 4557 μάλιστα
1346 4491 1431 4555 είς
1475 4492 1736 4565 τοιαύτην
1767 4498 1933 4567 ἀνάγ-

2039 4510 2124 4550 me
2155 4491 2517 4562 adigentibus,
2546 4487 2821 4549 facere,et
2845 4484 2914 4538 ita
2948 4495 3121 4537 meam
3158 4479 3421 4549 privatam
3452 4476 3602 4528 ineo-

371 4594 475 4648 κην
506 4579 995 4646 συνενηνεγμένος.
1021 4581 1119 4648 τῆς
1140 4580 1324 4648 κοινῆς
1351 4580 1591 4650 ἐμαυτοῦ
1613 4600 1670 4637 τε
1704 4585 1795 4638 καὶ
1822 4565 1933 4641 τῶν

2033 4587 2333 4642 lumitatem
2361 4598 2484 4637 cum
2538 4580 2707 4635 totius
2748 4575 3061 4646 reipublicae
3090 4573 3266 4627 salute
3306 4565 3597 4624 incolumi-

368 4669 510 4723 ὅλων
542 4670 819 4739 σωτηρίας
876 4669 1059 4724 ἕνεκα.
1114 4670 1224 4723 Καὶ
1280 4670 1341 4738 ἐξ
1395 4673 1605 4727 ἐκείνου
1656 4677 1787 4747 ἄχρι
1838 4678 1933 4735 νῦν

2035 4686 2251 4747 taleque
2283 4673 2640 4743 conjungere.
2681 4670 2860 4738 Atque
2889 4683 2952 4721 ex
2985 4666 3078 4719 illo
3117 4679 3290 4733 usque
3325 4676 3470 4715 nunc
3505 4674 3600 4729 pa-

365 4760 625 4815 οῦδέποτε
661 4761 990 4832 ἐπαυσάμην
1023 4761 1155 4831 περὶ
1191 4762 1416 4834 εἰρήνης
1439 4765 1693 4835 δεόμενος
1726 4768 1929 4824 αὐτῶν.

2032 4786 2147 4828 cem
2195 4785 2288 4825 eos
2326 4780 2554 4837 poscere
2586 4777 2861 4829 nunquam
2887 4759 3091 4814 destiti.
3124 4757 3232 4812 Sed
3257 4754 3597 4809 antltericum

379 4853 522 4907 Ἀλλ’
553 4851 842 4922 ἀνθέρικον
892 4852 1037 4906 δοκῶ
1086 4852 1343 4922 θερίζειν·
1398 4856 1574 4909 πάντα
1608 4857 1716 4928 γὰρ
1749 4860 1933 4922 αὐτοῖς

2031 4871 2237 4917 metere
2270 4859 2458 4913 videor
2498 4855 2609 4926 (5⁸7)
2642 4874 2655 4909 :
2688 4854 2869 4909 omnia
2917 4851 3061 4904 enim
3098 4850 3205 4902 illis
3234 4847 3409 4902 facilia
3447 4854 3596 4907 sunt,

370 4938 627 5010 μᾶλλονή
659 4940 692 5009 ἡ
727 4941 917 5011 εἰρήνη
953 4943 1175 4998 ἀνεκτά.
1222 4942 1561 5012 Σκεψώμεθα
1584 4946 1647 5018 δὴ
1681 4942 1933 5019 ’πότερος

2032 4952 2269 5020 ferrique
2320 4956 2575 5019 possunt,
2628 4960 2818 5015 pacem
2853 4943 3020 4998 solam
3056 4940 3168 5011 pati
3206 4952 3315 4992 non
3346 4943 3597 5006 possunt.

365 5031 568 5087 ἀδικῶν
597 5031 848 5100 φαίνεται
875 5033 970 5086 καὶ
994 5034 1269 5102 ἐπιορκῶν
1321 5052 1336 5066 ·
1354 5037 1384 5090 ό
1408 5039 1509 5109 τήν
1528 5048 1589 5091 τε
1618 5039 1794 5111 ἀρχὴν
1823 5045 1930 5100 τοῖς

2034 5042 2477 5113 lntrospiciamus
2507 5036 2672 5109 igitur
2704 5047 2826 5092 uter
2860 5036 3066 5089 Resisse
3110 5047 3176 5087 ac
3204 5030 3480 5100 pejerasse
3515 5028 3599 5081 vi-

364 5122 550 5190 ὃρκοις
571 5120 864 5192 επιμείνας
887 5122 1045 5194 ἄχρις
1066 5114 1127 5177 οὗ
1159 5127 1302 5180 κατά
1323 5126 1526 5196 κράτος
1554 5130 1929 5202 κατελύθησαν

2030 5135 2266 5200 deatur;
2329 5133 2446 5186 isne
2512 5131 2607 5201 qui
2664 5146 2693 5184 a
2745 5126 3014 5199 principio
3069 5120 3251 5194 jurata
3317 5116 3594 5184 servavit,

366 5212 473 5265 ὑπὸ
503 5211 614 5265 τῶν
646 5213 1055 5283 πολεμούντων,
1081 5216 1178 5269 καὶ
1200 5218 1366 5288 μέχρι
1391 5218 1488 5273 νῦν
1521 5219 1776 5289 δεόμενος
1804 5225 1931 5295 περὶ

2033 5226 2206 5282 donec
2241 5226 2428 5280 hostes
2483 5238 2582 5293 per
2634 5223 2744 5277 vim
2800 5221 2956 5276 fidem
2997 5219 3299 5297 fregerunt,
3328 5224 3383 5269 et
3419 5214 3598 5268 adhuc

363 5304 617 5378 εἰρήνης,
668 5308 765 5362 καὶ
795 5306 889 5361 τὸν
925 5307 1166 5380 πόλεμον
1194 5310 1397 5365 ἐθέλων
1435 5313 1797 5381 καταθέσθαι,
1838 5316 1872 5388 ἢ
1904 5320 1928 5372 ό

2035 5333 2216 5390 pacem
2254 5318 2414 5389 petit,
2453 5324 2676 5387 paratus
2705 5328 2855 5369 arma
2902 5326 3146 5383 ponere;
3184 5325 3251 5364 an
3305 5323 3467 5380 quem
3499 5320 3600 5363 nec

1593 5457 1809 5521 Jacobi
1848 5459 2112 5522 Pontani
2148 5467 2335 5522 noue.

439 5571 960 5663 l5Zl_?fofffbiufu.
992 5572 1364 5663 ἔθεμεν-,ιζπερὶ
1416 5577 1533 5663 fieri
1571 5596 1686 5663 non
1720 5590 1927 5663 potest,
2032 5590 2087 5638 et
2116 5583 2397 5663 asphodeli
2450 5583 2711 5663 fructum,
2758 5591 2812 5663 et
2859 5579 3066 5663 herbae
3100 5578 3372 5663 quoddam
3425 5592 3598 5662 genus!

363 5660 460 5748 seu
498 5643 644 5764 quod
698 5643 954 5726 inaniter,
992 5643 1257 5701 inutiliter
1290 5647 1368 5712 ﬁt,
1405 5649 1473 5703 de
1516 5650 1702 5707 labore
1724 5643 1924 5708 sterili.

388 5714 494 5768 Ανθ
533 5728 684 5782 ρικον
747 5715 964 5782 quidam
1003 5713 1237 5770 fructum
1304 5718 1635 5782 asphodeli,
1706 5721 1925 5782 quidam

2039 5668 2156 5708 esse
2181 5643 2336 5719 'vult,
2373 5655 2606 5709 fortasse
2652 5652 2804 5716 illud,
2833 5651 2975 5722 quod
3019 5643 3173 5705 aiunt
3202 5643 3596 5718 quidam'nn-ti

2039 5738 2143 5777 non
2186 5739 2364 5782 posse.
2411 5723 2503 5779 sed
2536 5733 2593 5777 ut
2624 5723 2817 5782 linum,
2851 5722 3101 5776 manibus
3129 5723 3251 5775 velli
3285 5720 3504 5782 debere,
3543 5729 3604 5775 et

371 5735 684 5782 Ἀνυερικον
747 5735 964 5782 quidam
1003 5735 1237 5798 tructuom
1304 5735 1586 5788 aspnouett
1619 5761 1635 5788 ,
1706 5735 1925 5792 quidam

362 5782 570 5841 caulem
606 5792 814 5839 tantum
851 5798 987 5885 esse
1028 5787 1236 5842 scrtbtt.
1272 5785 1572 5860 Hesychius
1630 5790 1919 5864 ἀνθέρικον

2033 5738 2143 5777 non
2186 5739 2364 5791 posse,
2411 5735 2503 5779 seu
2536 5735 2593 5777 ut
2624 5735 2817 5783 ltuuut,
2851 5735 3101 5776 manibus
3129 5735 3251 5775 velit
3285 5735 3504 5784 debere,
3543 5736 3568 5774 ρ

2028 5794 2159 5849 hinc
2188 5793 2394 5849 factum
2425 5793 2778 5866 proverbiqu
2803 5791 3092 5865 ἀνθέρικον
3125 5791 3386 5863 θερίζειν.
