3964 6568
237 386 371 450 1153

1364 377 1910 439 ΗΙΞΤΟΙίιΑΙὶΒΜ
1951 378 2184 438 LIBER
2226 378 2346 438 ιιι.

3348 381 3484 445 1151

235 498 331 553 τοῦ
385 503 449 550 τὸ
503 480 657 566 ξίφος
694 488 927 565 ὦθῆσεν.
978 493 1054 547 Ού
1105 492 1218 562 γὰρ
1265 492 1543 553 Διονύσιος
1575 494 1602 545 ό
1639 492 1799 562 μέγας

1917 500 1978 544 ut
2033 491 2287 561 praeclare
2330 489 2591 560 scriptum
2634 501 2812 547 exstat
2857 495 3001 563 apud
3036 508 3290 566 magnum
3354 497 3485 551 Dio-

230 587 461 643 ἐπεσθαι
516 585 650 655 φησὶ
692 586 752 638 τὸ
796 586 940 638 θεῖον
1003 587 1121 647 ταῖς
1165 583 1503 653 παραλόγοις
1552 581 1662 636 τῶν
1692 583 1807 652 ἀρ-

235 680 467 753 χιερέων
494 680 714 750 ὁρμαῖς.
745 677 805 729 Ei
829 677 886 729 δέ
905 693 991 739 τις
1033 676 1149 730 δέον
1175 672 1312 728 εἶναι
1333 675 1506 743 λέγοι,
1529 674 1633 728 κᾶν
1657 671 1807 736 ὃπως

226 774 360 827 ποτέ
389 768 500 843 εἶχε
549 771 621 825 τὰ
644 770 739 824 τοῦ
772 770 1130 840 πράγματος,
1168 767 1451 837 φροντίδος
1478 765 1638 831 ἀξίαν
1666 764 1808 835 ἡγή-

178 846 183 851 ,
226 871 429 922 σασθαι
455 867 552 938 τὴν
582 864 929 935 ἐπιτίμησιν,
963 864 1057 916 καὶ
1081 879 1147 917 πε
1159 864 1212 935 pl.
1237 863 1339 933 τὴν
1366 861 1610 914 διάλυσιν
1636 875 1807 913 σπου-

225 959 323 1029 δὴν
373 958 580 1030 πολλὴν
628 957 984 1024 εἰσενεγκεῖν,
1040 955 1158 1009 ἀλλ’
1191 955 1316 1022 ἐμοὶ
1361 955 1467 1022 κᾷν
1493 944 1665 1022 τούτῳ
1697 951 1807 1006 τῶν

223 1051 460 1104 δεόντων
493 1046 926 1118 παραλέλειπται
989 1046 1145 1099 οὐδέν
1172 1061 1186 1077 ’
1216 1045 1352 1099 ἀλλὰ
1400 1044 1571 1098 πολλὰ
1608 1044 1807 1097 πολλά-

228 1160 320 1205 κις
355 1142 614 1212 περὶτῶν
644 1141 909 1196 τοιούτων
931 1141 1198 1211 δεηθέντι,
1230 1140 1386 1193 οὐδὲν
1415 1140 1628 1193 οὐδέπω
1680 1138 1804 1192 οὔτε

233 1234 506 1306 πρότερον
561 1233 688 1288 οὗτε
735 1235 833 1289 νῦν
882 1234 1123 1297 ἐπιεικὲς
1195 1233 1410 1303 ἐλέχθη.
1450 1233 1539 1295 Ὠς
1577 1232 1678 1302 μὲν
1713 1228 1806 1285 οὖν

224 1325 393 1389 εὐθὺς
437 1325 673 1395 ἐξαρχῆς
729 1324 839 1393 ἐγὼ
884 1341 944 1377 τε
975 1324 1044 1377 τὰ
1093 1324 1289 1377 δίκαιστ
1332 1322 1578 1400 εἱλόμην,
1615 1320 1807 1374 καὶτὰ

231 1421 391 1490 κοινῇ
424 1417 809 1471 λυσιτελοῦντα
843 1417 1134 1487 ἔπραττον,
1168 1418 1265 1470 καὶ
1295 1410 1444 1471 οὗτοι
1479 1414 1684 1476 πολλὰς
1712 1431 1807 1466 συ-

225 1510 535 1576 κοφαντίας
589 1509 685 1563 καὶ
731 1510 988 1574 διαϐολάς
1039 1509 1383 1579 πλασάμενοι
1416 1508 1510 1561 τὸν
1564 1510 1805 1577 πόλεμον

217 1602 570 1672 κεκινήκασι,
600 1601 693 1653 καὶ
735 1602 904 1655 πολλά
942 1600 1248 1672 Ῥωμαίους
1276 1601 1608 1671 εἰργάσαντο
1632 1600 1801 1666 κακὰ,

227 1693 436 1762 μᾶλλον
485 1693 542 1746 δὲ
589 1694 925 1762 συμπάντων
971 1695 1139 1747 αἴτιοι
1190 1693 1560 1762 κατέστησαν,
1601 1692 1670 1745 τά
1705 1692 1804 1759 μὲν

231 1785 555 1856 αὐτοχειρίᾳ
582 1786 942 1856 πεποιηκότες
970 1786 1146 1849 αὐτοὶ,
1179 1787 1246 1839 τὰ
1271 1786 1314 1839 δ’
1341 1786 1441 1855 ἐμὲ
1464 1783 1802 1853 ἀναγκάζον-

220 1893 317 1937 τες
343 1876 447 1932 οὐκ
484 1876 765 1940 ἐθέλοντα,
796 1877 1013 1947 μάλιστ’
1046 1878 1114 1930 ἄν
1144 1894 1226 1939 τις
1263 1878 1327 1931 ἐκ
1354 1877 1462 1930 τῶν
1497 1877 1802 1945 εἰρημένων

220 1968 544 2034 σαφὲστατα
579 1968 812 2022 κατίδοι.
847 1969 969 2022 Ὅτι
1010 1969 1066 2022 δὲ
1098 1969 1191 2022 καὶ
1227 1968 1320 2022 νῦν
1349 1970 1411 2023 ού
1446 1970 1549 2039 τὴν
1578 1968 1803 2039 εἰρήνην

220 2060 521 2129 ᾑρημένοι.
564 2059 673 2112 οὐδ’
699 2059 846 2113 ἐλεόν
879 2077 1000 2115 τινα
1042 2061 1300 2123 λαϐόντες
1333 2063 1445 2115 τῶν
1494 2064 1803 2115 πιπτόντων

220 2148 574 2221 καθημέραν,
624 2142 739 2204 ἀλλ’
786 2151 886 2223 ἐμὲ
938 2152 1076 2224 πρὸς
1107 2154 1222 2219 τοῖς
1268 2153 1447 2217 ἄλλοις
1483 2153 1804 2223 ὑποχείριον

218 2241 414 2296 λαϐεῖν
466 2241 802 2313 βουλόμενοι,
854 2244 950 2298 καὶ
997 2246 1098 2315 τὴν
1145 2245 1438 2315 σύμπασαν
1469 2246 1624 2298 αὐτοὶ
1665 2243 1805 2299 Ῥω-

222 2334 411 2401 μαίων
443 2334 619 2406 ἀρχὴν
652 2336 801 2407 ἔχειν
851 2336 1031 2406 (τοῦτο
1068 2336 1174 2408 γὰρ
1226 2337 1409 2400 αὐτοῖς
1445 2337 1802 2401 σπουδάζεται

217 2429 355 2494 περὶ
387 2427 667 2495 πλείστου,
700 2427 892 2499 ἕτερον
914 2429 971 2482 δὲ
1000 2430 1203 2499 οὐδὲν),
1225 2432 1326 2500 τὴν
1352 2431 1648 2502 πρεσϐείαν
1676 2448 1806 2484 ταυ-

218 2521 349 2589 τηνὶ
383 2521 732 2590 πεποίηνται,
765 2522 830 2573 ἐκ
859 2522 969 2575 τῶν
1000 2521 1677 2601 πρεσϐευομένωνραύτῶν
1704 2521 1803 2591 δῆ-

223 2607 342 2660 λον.
379 2608 443 2661 Εί
480 2608 590 2679 γάρ
625 2627 679 2682 τι
712 2610 956 2675 ἐπιεκές
991 2613 1087 2667 καὶ
1118 2613 1399 2676 λυσιτελὲς
1449 2614 1695 2667 ἐνενόουν
1722 2612 1801 2682 τῷ

228 2698 428 2771 κοινῷ,
464 2678 569 2753 οὐκ
592 2678 863 2765 άνόὓτως
893 2704 1086 2774 ἐκείνῳ
1120 2704 1199 2775 τῷ
1246 2705 1558 2780 συκοφάντῃ
1588 2707 1680 2759 καὶ
1713 2678 1802 2758 ἀεὶ

216 2790 693 2863 καταψευδομένῳ
738 2795 913 2865 ῥᾷστα
945 2795 1264 2865 πειθόμενοι
1298 2797 1532 2866 ὑπάγειν
1582 2795 1802 2866 ἐπεχεί-

169 2868 185 2884 ’
218 2897 356 2950 ρουν
384 2881 619 2949 ἑαυτοῖς,
642 2888 738 2938 xui.
763 2885 1129 2955 καταδουλοῦν
1155 2887 1255 2956 ἐμέ
1272 2902 1288 2917 ο
1314 2886 1372 2950 ὃς
1392 2888 1440 2940 εί
1470 2888 1543 2957 μή
1572 2903 1625 2941 τι
1648 2887 1797 2954 ἄλλο,

216 2972 317 3052 διὰ
346 2974 412 3025 τὸ
446 2973 576 3040 γοῦν
608 2975 703 3028 ἐπὶ
732 2975 987 3029 τοσοῦτον
1022 2976 1215 3049 χρόνον
1236 2977 1303 3031 τὰ
1351 2975 1644 3043 Ῥωμαίων
1666 2976 1801 3030 διοι-

215 3063 370 3128 κεῖν,
427 3063 637 3133 βέλτιον
686 3066 754 3119 ἂν
803 3069 918 3129 τοῖς
973 3068 1262 3137 πράγμασι
1309 3068 1629 3138 χρησαίμην
1703 3070 1798 3123 καὶ

211 3153 668 3227 λυσιτελέστερον
725 3158 929 3213 αὐτῶν.
962 3159 1283 3231 ιιατρίῖρχῃ
1312 3159 1413 3229 μὲν
1441 3155 1533 3213 οὖν
1558 3161 1653 3213 καὶ
1685 3164 1798 3221 τοῖς
1821 3190 1868 3251 η

213 3246 413 3310 ἄλλοις
492 3248 707 3313 οὐδενὸς
751 3250 1023 3321 ἐμέλησεν
1076 3250 1289 3320 ἐτέρου,
1341 3252 1373 3325 ἢ
1424 3249 1453 3302 ὃ
1494 3250 1795 3323 προύθεντο

209 3337 467 3407 ἐξαρχῆς
514 3339 708 3406 εὐθὺς,
740 3341 802 3392 τὸ
849 3340 1187 3411 διαφθείρειν
1233 3343 1335 3411 ἐμὲ
1382 3344 1475 3397 καὶ
1507 3344 1684 3395 ποιεῖν
1733 3342 1797 3395 ἐκ

213 3428 417 3499 μέσου,
451 3429 517 3483 ῖν⁹
555 3430 753 3501 ἄρχειν
797 3414 968 3495 ἀδεῶς
1002 3432 1174 3503 ἔχοιεν
1204 3433 1381 3488 αὐτοί.
1424 3432 1568 3501 Ἐγὼ
1594 3434 1652 3486 δέ
1701 3432 1795 3485 τοῦ

209 3522 377 3591 κοινῇ
412 3521 815 3586 λυσιτελοῦντος
844 3523 1010 3576 ἓνεκα
1053 3523 1242 3595 ὥσπερ
1272 3524 1370 3578 καὶ
1427 3526 1515 3578 ἀεὶ
1553 3525 1648 3578 καὶ
1675 3523 1797 3595 βού-

212 3616 395 3684 λομαί
431 3632 492 3669 τε
526 3618 623 3670 καὶ
650 3619 780 3688 περὶ
810 3617 1075 3672 πλείστου
1104 3619 1222 3685 ἄγω
1243 3618 1345 3685 τὴν
1367 3619 1616 3688 εἰρήνην,
1651 3619 1703 3669 εί
1731 3633 1794 3685 γε
1830 3678 1841 3701 1

212 3709 508 3779 βούλοιντο
529 3714 623 3764 καὶ
644 3710 802 3763 αὐτοὶ
819 3710 929 3763 τῶν
950 3710 1287 3780 πλασμάτων
1311 3710 1410 3763 καὶ
1425 3708 1796 3778 ψευδολογιών

209 3799 566 3864 ἀποστάντες
598 3802 1103 3873 παρακοιμωμένου
1138 3800 1412 3864 διαλύσεις
1436 3800 1706 3855 τίθεσθαι.
1731 3801 1795 3854 Εἰ

205 3895 259 3947 δ’
297 3892 455 3957 αὖθις
479 3894 634 3947 αὐτοὶ
662 3899 754 3948 τ’.ν
784 3895 1024 3966 πόλεμον
1056 3896 1287 3961 κινοῖεν,
1324 3895 1399 3965 μὴ
1429 3893 1556 3962 ἐμοὶ
1588 3898 1657 3948 τὰ
1681 3896 1794 3948 ἰσό-

178 4007 193 4019 ο
222 4001 376 4056 μενα
422 3986 569 4040 κακά
608 3987 673 4039 ἐκ
718 3987 812 4040 τοῦ
850 3988 1094 4058 πολέμου
1147 3986 1627 4056 προσλογίζεσθαι,
1678 3986 1796 4040 ἀλλ’

209 4079 462 4143 ἑαυτοῖς,
498 4077 682 4148 πολλῷ
727 4080 837 4143 τῶν
876 4080 1361 4150 προϋπηργμένων
1390 4078 1692 4150 δεινότερα,
1718 4078 1792 4142 ὡς

213 4167 363 4239 ὁρῶ,
415 4170 672 4240 ἐσόμενα.
714 4171 942 4224 Ἐκεῖνοι
999 4170 1102 4240 μὲν
1146 4173 1257 4240 γὰρ
1299 4170 1505 4233 Μυσοῖς
1540 4170 1635 4222 καὶ
1664 4170 1794 4239 Τρι-

210 4259 413 4323 ϐκλοῖς
430 4262 615 4325 πόλεις
638 4263 736 4314 καὶ
780 4262 964 4333 χώρας
989 4263 1448 4332 καταπροῖέμενοι
1466 4261 1794 4332 συμμάχους

215 4353 586 4422 ἐποιήσαντο,
633 4349 715 4417 οἷς
753 4353 841 4406 ἐπ’
872 4355 975 4424 ἐμὲ
1017 4354 1351 4408 διανοοῦνται
1393 4354 1669 4425 χρῆσθαι·
1711 4346 1793 4415 οἷς

206 4436 587 4500 ἂνθίστασθαι
634 4446 735 4499 οὐκ
775 4446 847 4499 ἂν
876 4446 1147 4516 δυναίμην
1185 4448 1323 4517 μετὰ
1358 4445 1651 4517 Ῥωμαίων
1678 4445 1790 4499 τῶν

215 4539 544 4608 παρόντων·
579 4535 828 4591 λείπεται
875 4537 939 4610 δὴ
967 4539 1113 4607 κάμὲ
1144 4539 1461 4608 συμμαχίαν
1487 4536 1664 4608 ἐαυτῷ
1695 4554 1795 4616 ποτ-

209 4630 419 4700 ρξζειν,
436 4630 473 4701 ἢ
493 4630 605 4693 τοῖς
626 4630 958 4700 πολεμοῦσιν
977 4633 1360 4698 ἀντιστήσεται
1377 4632 1473 4684 καὶ
1488 4631 1790 4700 διαφθερεῖ.

211 4723 300 4776 Οὐ
332 4720 446 4790 γὰρ
481 4721 624 4774 ἑκὼν
654 4719 797 4774 εἶναι
828 4725 1142 4793 προήσομαι
1164 4724 1263 4791 τὴν
1287 4722 1528 4793 ἐμαυτοῦ
1560 4723 1656 4775 καὶ
1687 4722 1796 4776 τῶν

209 4814 497 4867 συνόντων
552 4814 846 4885 σωτηρίαν.
902 4814 1052 4886 Αὕτη
1103 4815 1162 4868 δὲ
1213 4815 1516 4884 οὐδαμόθεν
1568 4815 1794 4869 ἄλλοθεν

207 4904 491 4975 παρέσται
531 4905 568 4975 ἢ
590 4905 653 4972 ἐξ
678 4888 860 4969 Ἀσίας
883 4907 1151 4977 Περσική⁸
1173 4908 1224 4961 οἳ
1252 4907 1529 4978 Βάρϐαροί
1554 4922 1615 4958 τε
1641 4906 1795 4969 ὄντες

205 4998 312 5047 καὶ
362 4994 694 5059 ἀπεειαντίας
762 4998 895 5064 ἡμῖν
946 4998 1076 5067 περὶ
1114 4999 1177 5049 τὸ
1224 4997 1388 5059 σέϐας
1433 4995 1792 5066 διακείμενοι,

209 5086 484 5155 οὐδεμίαν
522 5086 691 5155 φειδὼ
740 5088 1061 5156 ποιήσονται
1107 5088 1215 5141 τῶν
1251 5087 1637 5157 ἐμπιπτόντων
1673 5088 1795 5149 ταῖς

204 5178 431 5249 χερσὶν,
479 5175 621 5245 ἀλλά
654 5178 781 5240 τοὺς
823 5176 924 5248 μὲν
989 5178 1392 5243 ἀποκτενοῦσι,
1437 5177 1566 5239 τοὺς
1601 5175 1658 5228 δέ
1700 5175 1796 5228 ἐπὶ

204 5269 436 5338 δουλείᾳ
483 5268 879 5322 άποδώσονται.
921 5269 987 5333 El
1034 5269 1134 5339 μέν
1181 5287 1303 5323 τινα
1333 5270 1444 5322 τῶν
1488 5269 1794 5339 μελλόντων

202 5361 628 5430 διαφθείρεσθαι
661 5362 812 5415 ἔλεον
838 5362 1091 5425 λαϐόντες
1123 5340 1259 5433 πρὸς
1290 5361 1387 5434 τὴν
1414 5362 1639 5434 είρήνην
1672 5359 1793 5413 ἐθέ-

205 5455 370 5506 λωστ
400 5451 786 5523 χωρεῖν,κὰγὼ
835 5453 1069 5524 μάλιστα
1106 5454 1396 5524 βουλοίμην
1436 5455 1528 5520 ἂν,
1581 5454 1677 5509 καὶ
1733 5455 1793 5508 ἐν

207 5543 460 5615 ἡμέραις
491 5544 885 5599 πεντεκαίδεκα
927 5547 1296 5614 πεμπέτωσαν
1344 5547 1466 5610 τοὺς
1511 5546 1790 5618 ἐροῦντας,

202 5640 300 5690 ὃτι
327 5633 645 5691 διαλύεσθαι
707 5635 1015 5700 συνέθεντο,
1038 5636 1112 5699 ὡς
1142 5637 1207 5689 ἂν
1240 5637 1463 5706 πέμψας
1491 5638 1645 5708 κάγὼ
1684 5661 1792 5694 κω-

203 5729 369 5784 λύσω
394 5728 521 5790 τοὺς
542 5727 857 5801 Βαρϐάρους
887 5729 961 5801 μὴ
983 5729 1342 5800 περαιοῦσθαι
1367 5731 1504 5801 πρὸς
1528 5733 1628 5804 τὴν
1651 5733 1793 5805 θρᾴ-

204 5838 322 5895 κτιν
344 5836 360 5853 ·
404 5821 918 5892 παρεσκευασμένοι
953 5823 1062 5894 γάρ
1096 5823 1256 5878 εἰσιν.
1300 5824 1571 5894 Ὕστερον
1607 5826 1661 5878 δὲ
1703 5826 1789 5897 ἐφ’

1909 582 2150 654 nysium,
2199 581 2442 638 divinum
2500 599 2705 638 numen
2756 600 2881 638 cum
2919 586 3133 641 ratione
3177 599 3486 657 pugnantes

1908 676 2293 745 episcoporum
2325 673 2645 730 aﬂ'ectiones
2694 692 2801 731 non
2851 676 3119 747 sequitur.
3159 677 3216 732 Si
3242 681 3366 749 quis
3392 696 3485 737 oc-

1908 775 2116 829 currat,
2150 776 2209 821 ut
2238 776 2297 819 ut
2324 781 2383 819 se
2408 781 2494 821 res
2527 766 2746 830 habeat,
2772 784 2879 822 non
2901 784 3022 823 esse
3055 770 3201 836 parvi
3237 775 3485 841 penden-

1907 858 2030 912 dam
2065 857 2205 910 illam
2243 873 2455 925 poenam
2514 859 2966 923 ecclesiasticam,
3003 864 3099 917 sed
3139 873 3199 918 ut
3248 879 3312 918 ea
3371 865 3484 919 sol-

1906 964 2055 1014 vare,
2087 950 2316 1004 multum
2359 949 2416 1003 in
2462 965 2529 1004 eo
2576 952 2741 1005 studii
2797 946 3136 1021 ponendum,
3172 955 3282 1019 aio,
3314 957 3478 1010 etiam

1906 1043 1960 1096 in
2010 1043 2113 1097 hoc
2142 1058 2387 1097 mearum
2421 1045 2657 1112 partium
2691 1044 2824 1098 nihil
2874 1047 3290 1117 pra'termisisse
3323 1063 3337 1101 :
3384 1048 3480 1104 sed

1906 1152 2070 1205 saepe,
2101 1145 2157 1189 et
2195 1137 2440 1206 impense
2469 1136 2520 1190 id
2549 1147 2819 1201 orantem,
2859 1139 3067 1193 nullum
3108 1155 3346 1210 unquam
3381 1141 3515 1196 bu-‘

1906 1242 2114 1294 cusque
2164 1241 2484 1295 responsum
2535 1243 2597 1281 ex
2649 1245 2808 1297 a'quo
2837 1240 2893 1284 et
2941 1230 3088 1286 bono
3136 1231 3480 1300 impetrasse.

1906 1319 2375 1384 Quonalniodum
2425 1318 2591 1386 igitur
2640 1321 2739 1390 ego
2776 1321 2900 1375 inde
2931 1338 3103 1390 usque
3147 1339 3175 1376 a
3212 1325 3482 1393 principio

1907 1428 1937 1465 a
1988 1412 2200 1480 justitia
2245 1428 2352 1466 non
2392 1411 2725 1476 deﬂexerim,
2786 1423 2839 1468 et
2891 1431 3012 1483 qua:
3068 1418 3135 1468 ad
3190 1431 3481 1469 comiuiine

1908 1504 2338 1558 emolumentum
2382 1513 2696 1573 Spectarent
2744 1502 2992 1571 fecerim,
3045 1506 3132 1561 isti
3166 1523 3296 1561 vero
3325 1524 3482 1579 syco-

1907 1596 2169 1667 phantiis,
2194 1607 2249 1652 et
2267 1597 2753 1652 obtrectationibus
2773 1607 2880 1651 tam
2905 1599 3113 1655 crebris
3136 1599 3335 1655 bellum
3360 1616 3483 1656 con-

1905 1687 2576 1757 ﬂarerint,lininanosque
2626 1689 2783 1743 malis
2827 1689 3077 1759 plurimis
3130 1691 3480 1763 involverini,

1910 1786 2022 1835 in.o
2043 1794 2173 1834 vero
2194 1780 2457 1833 malorum
2480 1782 2722 1833 omnium
2747 1780 3006 1843 fontes,et
3028 1782 3235 1835 radices
3255 1782 3480 1842 iuerint.

1905 1881 1958 1923 et
1993 1873 2097 1924 alia
2116 1871 2336 1939 quidem
2359 1886 2538 1958 μείρεο
2564 1870 2989 1930 intulerint,alia
3017 1887 3102 1926 me
3129 1872 3332 1927 inferre
3356 1889 3484 1928 roc-

1906 1962 2103 2032 gvrint,
2131 1977 2196 2014 ex
2220 1961 2377 2015 dictis
2399 1963 2708 2031 perspicere
2731 1962 3046 2015 fat-illituum
3070 1971 3178 2016 est.
3204 1965 3357 2029 Quod
3380 1982 3481 2017 au-

1908 2064 2016 2108 tem
2043 2070 2417 2124 nunequoque
2444 2055 2586 2109 haud
2614 2070 2800 2124 pacem
2831 2055 3075 2125 cupiant,
3114 2074 3214 2112 nec
3235 2060 3422 2128 quotid
3448 2073 3479 2113 e

1906 2144 2257 2214 pereuntium
2303 2143 2685 2200 misericordia
2738 2154 3073 2213 tangantur:
3108 2147 3202 2200 sed
3229 2164 3313 2201 me
3340 2163 3477 2215 ιιι-ιυ-

1905 2244 1986 2290 ter
2025 2246 2249 2289 caeteras
2278 2235 2507 2303 injurias
2533 2234 2589 2290 in
2615 2244 2941 2305 potestatem
2975 2237 3226 2306 redigere
3258 2239 3476 2293 deside.-

1904 2337 2028 2381 rent
2062 2338 2117 2381 ut
2152 2328 2252 2396 ipsi
2300 2326 2356 2380 in
2412 2336 2585 2381 totum
2636 2328 2929 2397 imperium
2956 2326 3264 2384 [initianqu
3306 2331 3480 2385 domi-

1903 2422 2281 2491 nentur(hoa.
2300 2420 2445 2476 enim
2471 2421 2634 2491 612
2665 2421 2829 2476 etiam
2863 2431 3023 2489 atque
3056 2423 3217 2478 etiam
3251 2435 3480 2478 conten-

1901 2513 2036 2568 dunt
2065 2529 2079 2565 :
2113 2530 2214 2569 nec
2258 2514 2362 2568 alia
2391 2514 2459 2569 de
2492 2530 2657 2569 causa
2690 2512 2835 2569 hanc
2868 2513 3195 2586 legationem
3224 2516 3503 2573 institue-'

1904 2615 2034 2660 runt
2066 2606 2084 2675 )
2118 2606 2277 2660 exiis
2305 2622 2428 2676 quae
2457 2607 2737 2676 postulant
2760 2609 2980 2677 planum
3025 2609 3230 2664 evadit.
3263 2609 3395 2663 Nam
3431 2610 3478 2664 si

1901 2696 2030 2764 quid
2067 2696 2432 2762 moderatum,
2461 2705 2518 2751 et
2548 2698 2865 2766 reipublicae
2908 2698 3254 2753 fructuosum
3307 2699 3482 2767 medi-

1903 2793 2173 2849 tarentur,
2210 2800 2322 2838 non
2367 2794 2476 2840 tam
2509 2796 2760 2855 prompte
2816 2787 2888 2841 illi
2946 2790 3244 2844 vanissimo
3293 2790 3479 2843 miini-

1902 2876 2080 2931 natori
2129 2877 2519 2944 obsequentes,
2580 2892 2669 2932 me
2719 2877 2827 2933 sibi
2874 2879 3173 2948 subjicere,
3205 2890 3367 2950 atque
3421 2889 3479 2935 ul

1900 2983 2119 3023 servum
2150 2969 2448 3039 subjugare
2478 2971 2840 3025 tentavissent
2881 2989 2895 3026 :
2932 2973 3024 3040 qui
3068 2973 3114 3027 si
3161 2986 3269 3027 non
3310 2974 3479 3038 aliud,

1900 3071 2049 3115 certe
2078 3062 2296 3129 quidem
2326 3062 2474 3131 quod
2508 3063 2696 3116 tandiu
2733 3078 2845 3117 rem
2881 3062 3186 3118 Romanam
3242 3065 3479 3119 admini-

1902 3150 2093 3216 strari,
2123 3152 2337 3213 melius,
2364 3161 2421 3209 et
2456 3152 2647 3206 utilius
2672 3167 2831 3222 quam
2864 3152 2963 3222 ipsi
3001 3152 3105 3207 hoc
3126 3169 3326 3207 munus
3359 3154 3479 3208 obi-

1903 3257 2037 3297 rem.
2097 3244 2424 3300 Patriam-ha:
2484 3246 2683 3315 igitur,
2736 3254 2795 3299 et
2840 3245 3007 3299 sociis
3053 3246 3186 3299 nihil
3235 3248 3381 3299 aliud
3424 3246 3478 3299 in

1896 3338 2019 3390 stud
2045 3351 2078 3390 ο
2111 3338 2232 3403 lu.t,
2280 3354 2443 3407 quam
2484 3338 2630 3408 quod
2654 3337 2761 3394 sibi
2788 3355 2818 3393 a
2863 3338 3136 3410 principio
3184 3352 3481 3409 proposue—

1897 3438 2047 3492 runt,
2099 3446 2187 3485 me
2239 3430 2501 3485 nimirum
2563 3431 2667 3487 hac
2717 3433 2839 3487 luce
2895 3433 3130 3503 privare,
3202 3449 3310 3501 quo
3375 3435 3476 3503 ipsi

1897 3521 2149 3575 securius
2184 3522 2457 3592 imperare
2486 3533 2706 3592 queant.
2737 3526 2836 3578 Ast
2870 3539 2970 3594 ego
2997 3524 3126 3581 boni
3184 3526 3483 3599 tammunis

1897 3613 2094 3681 gratia,
2138 3614 2282 3681 quod
2329 3616 2571 3683 spectavi
2628 3631 2866 3682 semper,
2927 3618 3078 3684 pacis
3125 3631 3246 3671 sum
3283 3632 3479 3686 percu-

1898 3704 2072 3771 pidus,
2132 3717 2364 3774 eamque
2418 3704 2561 3761 facio
2625 3705 2845 3760 maximi
2898 3710 2992 3760 :si
3038 3708 3202 3761 modo
3255 3717 3312 3762 et
3363 3708 3479 3777 ἰριο

1895 3809 1926 3849 a
1963 3795 2260 3865 ﬂgriientis,
2299 3804 2356 3852 et
2387 3798 2687 3851 mendaciis
2733 3797 2983 3867 praefecti
3045 3798 3283 3855 cubiculi
3328 3813 3480 3854 rece-

1896 3887 2113 3950 dentes,
2145 3904 2261 3941 eam
2300 3889 2595 3958 complecti
2622 3889 2816 3953 velint.
2872 3889 2927 3943 Si
2962 3890 3165 3946 bellum
3202 3892 3498 3947 instaurat

1897 3983 2026 4047 rint,
2067 3996 2138 4036 ne
2164 3981 2597 4036 mihiemersura
2655 3980 2783 4036 inde
2828 3981 2967 4037 mala
3020 3986 3476 4053 prtecedentibus,

1897 4085 1959 4130 ut
2002 4090 2265 4146 auguror,
2323 4075 2481 4145 longe
2538 4076 2811 4145 graviora,
2859 4076 2955 4131 sed
3007 4076 3114 4132 sibi
3170 4079 3415 4133 tribuant
3458 4097 3475 4134 :

1896 4172 2118 4238 quando
2156 4169 2258 4239 ipsi
2302 4167 2490 4224 Μωείε
2523 4178 2580 4223 et
2638 4167 2895 4223 Triballis
2943 4171 3110 4226 urbes
3136 4180 3189 4226 et
3223 4172 3476 4242 regiones

1893 4262 2049 4332 quasi
2078 4263 2313 4332 prmdam
2345 4262 2691 4332 objecerunt,
2717 4273 2769 4317 et
2814 4264 3098 4318 adversum
3134 4280 3220 4319 me
3254 4266 3477 4322 ansila-

1897 4371 1988 4411 res
2014 4355 2329 4410 asciverunt
2363 4370 2377 4408 :
2414 4355 2615 4425 quibus
2645 4355 2770 4423 quia
2809 4355 3068 4411 resistere
3121 4373 3247 4411 cum
3278 4357 3476 4412 Bouia-

1894 4448 1984 4502 nis
2008 4462 2149 4518 quos
2193 4446 2336 4502 duco
2382 4463 2495 4503 non
2541 4448 2718 4513 valeo,
2749 4457 3005 4518 superest
3036 4459 3177 4504 ut.et
3205 4450 3345 4505 mihi
3377 4467 3476 4505 au-

1827 4541 1869 4596 D
1901 4540 2024 4593 xilia
2049 4540 2118 4593 ad
2144 4540 2330 4595 hostes
2366 4553 2517 4594 meos
2544 4538 2902 4594 debellandos
2938 4538 3094 4594 ﬁrma
3122 4555 3470 4609 comparem;

1897 4629 2026 4683 nolo
2057 4629 2262 4698 quippe
2304 4645 2506 4694 meam,
2536 4644 2898 4699 meorumque
2948 4629 3181 4684 salutem
3217 4632 3471 4699 prodere.

1893 4722 1969 4776 Ea
2013 4738 2145 4775 vero
2191 4721 2397 4775 auxilia
2439 4737 2547 4776 non
2600 4722 2824 4775 aliunde
2870 4737 3035 4790 quam
3072 4720 3361 4776 Persarum
3405 4738 3474 4777 ex

1893 4814 2020 4868 Asia
2064 4813 2493 4881 soppeiiitabunt
2521 4829 2536 4865 :
2568 4813 2660 4882 qui
2714 4820 2770 4866 et
2804 4811 3047 4876 Barbari,
3081 4822 3137 4867 et
3189 4826 3473 4868 sacrorum

1893 4908 2043 4960 cultu
2103 4907 2262 4961 nobis
2318 4904 2635 4970 dissimiles,
2685 4904 2865 4959 obviis
2916 4920 3028 4958 non
3080 4916 3325 4974 parcent,
3375 4906 3472 4961 8ιά

1893 4999 2028 5052 alios
2084 4996 2304 5067 quieem
2365 4996 2736 5059 trucidabunt,
2804 4994 2944 5049 alios
3029 4997 3085 5049 in
3150 4999 3470 5050 servitutem

1893 5092 2154 5146 vendent.
2200 5089 2382 5154 Quare
2431 5090 2477 5142 si
2531 5089 2900 5158 periturorum
2932 5090 3285 5144 miseratione
3317 5105 3469 5143 com-

1896 5182 2048 5248 moti,
2077 5182 2142 5237 ad
2175 5196 2362 5253 pacem
2388 5180 2521 5235 dare
2545 5196 2605 5234 se
2640 5181 2847 5244 volent,
2878 5181 2928 5235 id
2958 5197 3058 5249 ego
3083 5196 3298 5250 quoque
3323 5195 3473 5233 smu-

1894 5291 2140 5345 mopere,
2172 5276 2635 5344 vehementerque
2676 5273 2865 5338 velim,
2904 5283 2959 5327 et
3004 5272 3199 5327 diebus
3237 5273 3470 5340 quinde-

1889 5369 2002 5422 cim
2031 5368 2271 5431 mittant,
2298 5366 2390 5440 qui
2418 5381 2504 5420 Ine
2529 5366 2596 5421 de
2620 5380 2898 5420 consensu
2932 5365 3147 5418 illorum
3181 5378 3344 5433 super
3369 5364 3470 5418 hac

1895 5475 1951 5514 re
1981 5459 2269 5515 certiorem
2304 5459 2468 5514 faciat
2503 5475 2518 5513 :
2545 5469 2606 5513 ut
2637 5460 2753 5527 ipse
2784 5458 3037 5512 similiter
3066 5458 3299 5519 mittant,
3340 5457 3468 5510 Bar-

1895 5551 2167 5620 barosque
2199 5551 2313 5619 jam
2356 5560 2597 5621 paratos,
2654 5550 2710 5602 in
2759 5547 3045 5602 Thraciam
3096 5548 3466 5603 transmittere

1896 5657 1965 5699 ne
1998 5643 2202 5697 sinam.
2246 5644 2324 5698 De
2368 5643 2780 5697 conditionibus
2813 5650 2999 5713 postea
3032 5641 3174 5697 inter
3206 5657 3310 5697 nos
3337 5657 3468 5695 cou-

1895 5736 2100 5791 veniet.
2146 5734 2242 5788 Sin
2291 5748 2558 5788 renovare
2606 5735 2807 5789 bellum
2851 5734 3143 5794 mavolt-nt,
3201 5747 3265 5788 ac
3327 5732 3466 5787 nihil

1897 5826 2326 5898 respondebunt,
2381 5826 2632 5897 equidem
2695 5836 2820 5897 post
2875 5826 3017 5881 diem
3075 5826 3458 5897 prwsritutum,

3542 3410 3555 3437 \
