3964 6554
499 411 634 477 lim

1681 408 1810 468 JOA
1823 407 2008 467 NNIS
2048 406 2573 469 CANTACUZENI

3615 404 3752 472 ιιει

487 528 663 586 derat,
696 534 751 577 et
781 538 933 576 suam
974 521 1152 592 magni
1191 522 1346 596 ducis
1378 522 1487 576 ﬁlio
1514 523 1896 590 conﬂuxerat.
1946 520 2052 576 Sed

2163 524 2328 589 τάλας
2365 525 2619 594 ἀφορμάς
2647 524 2783 598 ἔχων
2825 524 2923 594 τῆς
2945 524 3081 598 πρὸς
3130 523 3328 587 αὐτοὺς
3380 523 3638 586 ἐννοίας’
3671 524 3749 587 τῷ

477 616 728 683 quamvis
771 614 1028 669 aﬂinitate
1081 625 1136 670 et
1174 615 1579 670 necessitudine
1606 631 1726 670 cum
1764 614 1828 668 iis
1862 615 1933 668 ita
1969 629 2060 669 co-

479 702 700 774 pulatus
751 714 927 786 esset,
982 713 1161 756 tamen
1216 718 1397 758 mores
1447 717 1635 757 eorum
1695 701 2059 767 detestatum,

478 798 662 852 facere
713 799 781 852 ab
827 799 1157 868 imperatore
1199 799 1375 854 malle.
1432 799 1733 870 Imperator
1782 802 1955 854 virum
1999 800 2064 854 Ii-

486 893 681 945 bcnter
712 891 941 960 accipit,
967 900 1022 945 et
1055 901 1166 946 tum
1200 891 1265 945 de
1291 891 1536 946 oratione
1570 893 1700 956 hac,
1742 903 1857 946 tum
1884 894 1950 946 de
1975 893 2062 962 ju-

481 984 625 1037 dicio
655 983 854 1054 gratias
890 984 1016 1052 agit,
1046 998 1280 1052 eumque
1323 998 1418 1052 pro
1458 984 1562 1036 isto
1619 999 1742 1054 erga
1771 999 1827 1038 se
1856 986 2059 1051 animo,

482 1086 535 1128 et
581 1073 725 1145 quod
765 1074 829 1128 ad
877 1090 1005 1129 suas
1045 1086 1224 1144 partes
1274 1075 2057 1138 accessisset,.reinunerans,

480 1183 735 1236 magnum
771 1167 1270 1236 stratopedarcham
1302 1177 1487 1233 creat;
1515 1167 1757 1239 cognatis
1791 1168 1910 1222 aliis
1942 1169 2055 1222 cui-

479 1274 584 1325 que
627 1275 722 1327 pro
752 1259 999 1327 portione
1034 1260 1271 1314 honores
1316 1270 1370 1314 et
1419 1273 1628 1312 annuas
1665 1260 1942 1314 mercedes
1973 1271 2058 1313 at-

482 1348 688 1401 tribuit:
722 1346 848 1402 Post
873 1365 995 1403 etnn
1033 1347 1462 1403 illoTeristasiu
1498 1348 1743 1410 veniens,
1772 1350 2053 1403 castellum

479 1455 545 1491 eo
592 1440 838 1492 tradente
881 1450 1129 1509 occupat.
1177 1440 1427 1494 Finitima
1473 1455 1687 1509 quoque
1727 1442 1943 1494 castella
2003 1453 2057 1496 et

478 1528 734 1595 oppidula
789 1543 846 1581 se
900 1529 1125 1582 dedunt.
1175 1530 1488 1599 Calliopolis
1555 1545 1604 1584 et
1671 1531 2052 1597 llexamilium,

479 1617 1156 1688 qualemcunque.potius
1231 1620 1572 1674 obsidionem
1638 1622 2050 1686 sustinendam,

481 1726 641 1776 quam
661 1710 991 1764 deditionem
1017 1711 1062 1763 ei
1085 1712 1381 1764 faciendam
1407 1713 1748 1777 arhitrantia,
1770 1715 2049 1770 resistunt.

484 1801 678 1854 Adhuc
723 1802 777 1855 in
826 1803 1169 1856 Chersoneso
1213 1804 1496 1867 manebat,
1553 1821 1674 1859 cum
1740 1804 2054 1860 Sulimanus

2165 631 2223 666 τε
2263 615 2370 684 γὰρ
2407 616 2506 684 υίῷ
2557 616 2824 686 cautium
2887 615 2983 669 τοῦ
3054 617 3398 684 πατριάρχου
3452 615 3746 684 θυγατέρα.

2164 707 2258 758 καὶ
2288 707 2382 776 τὴν
2414 706 2578 759 αὑτοῦ
2615 707 2691 777 τῷ
2723 707 2958 776 μεγάλου
2985 707 3172 769 δουκδς
3201 707 3303 776 υίῷ
3346 707 3582 771 ἐξέδωκε
3615 709 3746 772 πρὸ,

2163 794 2361 862 γάμον,
2390 796 2526 848 ἀλλὰ
2554 795 2648 850 καὶ
2693 797 2865 856 οὕτως
2897 797 3036 866 ἔχων
3091 798 3420 863 συγγενείας
3462 797 3603 864 πρὸς
3649 798 3745 848 αὖ·

2171 888 2304 949 τοὺς
2331 889 2425 941 καὶ
2456 888 2808 956 οἰκειότητος,
2848 888 3202 958 βδελύξασθαί
3226 904 3284 940 τε
3339 890 3466 950 τοὺς
3491 888 3748 955 τρόπους,

2164 979 2260 1030 καὶ
2296 978 2396 1046 τὴν
2439 977 2592 1046 παρά
2623 978 2832 1048 βασιλεῖ
2885 979 3168 1048 διατριϐὴν
3220 977 3446 1030 ἑλέσθαι
3506 978 3737 1044 μᾶλλον.

2161 1069 2422 1132 Βασιλεὺς
2447 1069 2500 1121 δὲ
2528 1069 2779 1138 ἀσμένως
2807 1087 2864 1121 τε
2904 1070 3141 1133 ἐδέξατο,
3169 1069 3262 1122 καὶ
3301 1069 3412 1121 τῶν
3467 1084 3530 1120 τε
3573 1069 3750 1134 λόγων

2165 1162 2259 1212 καὶ
2283 1161 2380 1229 τῆς
2407 1160 2642 1229 κρίσεως
2675 1162 2834 1231 χάριν
2866 1161 3138 1229 ὡμολόγει
3162 1177 3178 1192 ο
3203 1161 3301 1213 καὶ
3320 1161 3423 1229 τῆς
3457 1161 3542 1220 είς
3590 1160 3752 1210 uitta

2159 1250 2370 1312 εὐνοίας
2405 1252 2497 1302 καὶ
2530 1250 2624 1304 τοῦ
2668 1251 3193 1321 προσκεχωρηκέναι
3215 1249 3609 1320 ἀμειϐόμενος,
3654 1250 3751 1300 αύο

2162 1343 2240 1412 τῷ
2295 1345 2394 1413 μὲν
2452 1344 2551 1416 τὴν
2615 1345 2852 1414 μεγάλου
2913 1343 3391 1414 στρατοπεδάρχου
3455 1341 3751 1410 παρείχετο

2163 1437 2322 1501 ἀξίαν
2350 1454 2364 1471 ·
2398 1441 2511 1501 τοῖς
2543 1437 2723 1502 ἄλλοις
2755 1438 2811 1491 δὲ
2845 1437 2954 1489 τῶν
3001 1437 3302 1504 συγγενῶν,
3355 1435 3577 1503 ἑκάστῳ
3620 1436 3753 1486 ἀνα-

2157 1530 2332 1595 λόγως
2358 1530 2450 1581 καὶ
2481 1530 2646 1599 τιμὰς
2677 1529 2991 1598 παρείχετο,
3016 1533 3111 1582 καὶ
3140 1528 3437 1596 προσόδους
3472 1527 3749 1591 ἐτησίους.

2159 1615 2278 1674 εἶτα
2319 1621 2413 1672 σὺν
2449 1621 2643 1691 ἐκείνῳ
2667 1622 2743 1682 είς
2771 1621 3108 1691 Τηρίστασιν
3160 1618 3354 1682 ἐλθὼν,
3416 1619 3637 1686 ἑκεῐνην
3691 1634 3751 1667 τε

2159 1714 2614 1783 παρελάμϐανεν,
2658 1713 2866 1766 ἐκείνου
2928 1712 3335 1783 παραδιῶντος,
3378 1711 3474 1763 καὶ
3511 1710 3582 1762 τα
3627 1709 3756 1777 περὶ

2158 1807 2326 1876 αὐτὴν
2355 1806 2601 1875 πολίχνια
2631 1805 2724 1857 καὶ
2753 1807 2823 1856 τὰ
2849 1805 3084 1874 φρούρια
3141 1802 3550 1872 προσεχώρουν.
3606 1801 3752 1853 Καλ-

480 1910 621 1945 unus
653 1908 719 1946 ex
750 1893 890 1947 Asia:
914 1896 1166 1962 satrapis,
1201 1896 1289 1964 qui
1323 1895 1375 1947 in
1410 1911 1526 1949 eam
1565 1896 1901 1965 penitisulatn
1929 1915 2050 1951 cum

2163 1897 2440 1960 λιούπολις
2475 1898 2530 1950 δὲ
2567 1899 2663 1951 καὶ
2684 1896 2997 1965 Ἐξαμίλιον
3031 1898 3298 1964 ἀντεῖχον,
3319 1898 3415 1947 καὶ
3440 1896 3619 1946 πᾶσαν
3644 1893 3753 1945 δεῖν

479 1983 722 2038 exercitu
756 1984 1064 2054 trajecerat,
1097 1983 1468 2055 ngOSpotami
1505 1987 1560 2040 in
1597 1987 1928 2056 colloquium
1963 2007 2054 2043 ve-

479 2075 660 2140 niens,
706 2091 896 2146 equos,
933 2092 1083 2130 arma
1141 2089 1194 2130 et
1231 2094 1336 2132 non
1373 2065 1622 2149 exiguam
1671 2079 1904 2134 militum
1945 2098 2054 2135 ma-

482 2181 612 2219 num
641 2166 706 2222 ad
734 2168 990 2222 auxilium
1016 2168 1063 2222 ei
1089 2169 1329 2224 donarit.
1360 2170 1402 2222 A
1431 2187 1536 2240 quo
1565 2170 1799 2225 vic'ssim
1828 2174 2056 2226 comiter

479 2269 758 2328 acceptus,
817 2260 868 2313 in
919 2261 1102 2314 Asiam
1140 2261 1318 2315 rediit.
1373 2262 1672 2332 Imperator
1711 2265 1917 2334 reliqua
1962 2280 2057 2332 0p—

478 2350 601 2418 pida
630 2353 683 2404 in
715 2361 1036 2420 potestatem
1067 2352 1313 2418 adduxit,
1347 2361 1402 2406 et
1431 2353 1753 2426 )lyriophyti
1779 2356 1833 2410 in
1864 2356 2058 2425 amplis

479 2443 705 2507 milibus,
737 2443 871 2497 duas
913 2443 1349 2514 contignationes
1394 2446 1722 2502 habentibus
1771 2460 2058 2518 pernocta-

481 2537 578 2590 \it.
641 2536 1013 2590 Consueverat
1065 2547 1245 2591 autem
1298 2548 1520 2608 proriter
1575 2541 1897 2596 brevitatem
1949 2542 2058 2596 diri

481 2627 574 2694 (ut
609 2627 853 2692 hibernis
884 2628 1199 2698 mensibus)
1227 2637 1282 2682 et.
1312 2631 1456 2698 quod
1484 2647 1710 2687 necesse
1745 2643 1862 2686 erat
1890 2648 2061 2704 usque

483 2719 549 2773 ad
585 2727 798 2773 noctein
847 2733 988 2787 equo
1049 2721 1288 2776 insidere
1325 2721 1493 2793 618
1533 2723 1676 2794 (non
1719 2728 1862 2780 enim
1907 2726 2062 2783 inve-

483 2810 732 2872 niebant,
759 2809 847 2862 ubi
879 2809 1272 2865 descendentes
1304 2813 1657 2880 prenderent,
1695 2822 1803 2868 tota
1831 2816 2060 2872 Thracia

483 2902 538 2955 in
564 2900 938 2966 solitudinem,
975 2912 1166 2971 prteter
1214 2904 1398 2967 urbes,
1441 2904 1579 2959 bello
1623 2908 1900 2977 redacta),
1940 2925 2060 2963 mox

483 2993 601 3058 ipso
637 2993 872 3047 diluculo
905 2994 1202 3073 prandere,
1232 3005 1284 3049 et
1322 2996 1403 3050 sic
1437 2991 1578 3052 diem
1624 3000 1926 3056 traducere.
1959 3002 2059 3057 Co-

483 3084 710 3137 mitibus
744 3084 924 3152 itaque
951 3083 1016 3137 ad
1043 3084 1440 3139 observandam
1475 3093 1924 3145 consuetudinem
1959 3094 2059 3147 im-

486 3173 830 3239 pollentibus,
881 3187 988 3225 non
1021 3176 1235 3241 paruit,
1281 3174 1402 3228 cibo
1445 3192 1503 3230 se
1548 3180 1766 3245 quidem
1822 3181 2060 3252 indigere

482 3261 777 3326 allirmans,
809 3278 838 3314 a
866 3263 1159 3331 semetipso
1188 3272 1370 3317 autem
1402 3266 1467 3318 ad
1503 3266 1801 3323 discessum
1837 3273 2014 3340 urgeri
2039 3297 2054 3328 ι

482 3353 776 3420 “uinique
811 3353 948 3420 jussi
982 3367 1153 3422 equos
1209 3357 1674 3424 conscenderunt,
1711 3371 1766 3414 et
1799 3363 1866 3416 ad
1904 3368 2058 3436 Oppi-

485 3445 674 3497 dulum
701 3443 869 3508 aliud,
901 3442 1132 3497 Choram
1161 3445 1391 3509 dictum,
1420 3447 1760 3521 Myriophyto
1792 3469 1898 3507 non
1932 3472 2058 3524 pro-

482 3536 574 3588 cul
615 3545 906 3598 retnotum,
955 3537 1098 3605 quod
1145 3538 1386 3592 nondum
1439 3554 1496 3592 se
1542 3542 1842 3608 dediderat,
1897 3563 2059 3602 vene-

485 3635 637 3692 rum.
674 3624 976 3694 Imperator
1018 3641 1113 3695 per
1159 3628 1572 3684 caduceatorem
1624 3633 1768 3688 cives
1799 3614 2055 3705 _salut.u.,

485 3732 686 3786 eosque
731 3716 797 3770 ad
834 3716 1170 3772 deditionem
1208 3720 1472 3776 hortatur.
1504 3723 1585 3777 llli
1623 3741 1723 3794 pro
1753 3744 1840 3792 t-o,
1892 3741 1949 3784 ut
1979 3746 2060 3785 re-

483 3807 809 3872 salutarent,
835 3807 978 3860 malo
1006 3807 1117 3863 fato
1149 3810 1325 3879 ipsum
1358 3814 1644 3869 advenisse
1669 3817 1821 3872 aiunt
1850 3838 1862 3872 :
1894 3824 1938 3873 si
1968 3837 2060 3875 eos

483 3910 780 3970 oppugnet,
816 3913 844 3952 a
879 3899 1049 3953 muris
1083 3899 1454 3971 impigerrime
1486 3921 1544 3960 se
1581 3906 1923 3965 defensuros.
1956 3912 2060 3966 Ca-

486 3989 764 4047 duceatori
834 4005 928 4044 eos
981 3991 1432 4060 reprehendenti,
1479 3998 1626 4064 quod
1683 3999 2062 4070 imprudenter

486 4098 650 4155 atque
692 4084 1028 4140 confidenter
1078 4086 1393 4157 imperatori
1441 4092 1697 4148 salutanti
1751 4099 2060 4166 responde—

490 4190 634 4245 rent,
666 4177 830 4233 alium
861 4194 918 4234 se
955 4179 1156 4236 habere
1191 4181 1576 4253 imperatorem
1605 4187 1879 4259 inquiunt,
1919 4191 2063 4246 Can-

489 4281 810 4324 tacuzeuum
843 4271 991 4325 nullo
1017 4270 1135 4325 loco
1168 4272 1368 4329 ducere
1401 4293 1414 4328 :
1445 4293 1677 4349 moxque
1703 4284 2064 4339 contumelias

489 4363 546 4416 in
591 4363 738 4415 illum
772 4361 1127 4431 ingeminant.
1164 4362 1308 4427 Quas
1357 4380 1479 4418 cum
1525 4369 1706 4423 adhuc
1749 4369 2062 4440 funderent,

418 4448 423 4455 ’
494 4469 636 4508 terra
674 4454 852 4508 tremit
888 4452 1222 4506 horribilitcr
1252 4470 1265 4507 :
1291 4470 1399 4524 quo
1440 4466 1674 4512 tremore
1718 4462 1918 4517 mmnia
1963 4481 2064 4534 op-

2156 1990 2324 2062 ᾧοντο
2359 1990 2562 2053 μᾶλλον
2620 1991 2913 2058 ὑπομένειν
2961 1987 3301 2057 πολιορκίαν,
3343 1987 3375 2055 ἢ
3408 1987 3753 2054 προσχωρεῖν

2155 2080 2232 2149 τῷ
2261 2081 2486 2150 βασιλεῖ.
2518 2081 2639 2132 Ἔτι
2668 2080 2724 2134 δὲ
2752 2079 2898 2148 αὐτῴ
2923 2095 2987 2130 πε
2999 2077 3052 2146 pl
3081 2077 3425 2148 Χερρόνησον
3451 2073 3755 2142 διατρίϐονο

2157 2191 2229 2238 τι,
2260 2173 2528 2243 Σουλιμὰν
2554 2174 2661 2226 τῶν
2697 2172 2840 2225 κατὰ
2875 2171 2976 2241 τὴν
3038 2171 3225 2224 Ἀσίαν
3285 2169 3592 2241 σατραπῶν
3646 2162 3751 2229 εἷς,

2158 2267 2236 2328 είς
2269 2266 2615 2335 Χερρόνησον
2650 2265 2788 2333 μετά
2820 2265 3078 2336 στρατιᾶς
3122 2262 3476 2331 περαιωθεὶς,
3543 2261 3754 2325 away-I-

2159 2375 2280 2411 νετο
2310 2359 2386 2428 τῷ
2415 2359 2623 2429 βασιλεῖ
2650 2358 2708 2409 έν
2755 2356 2917 2424 Αἰγὸς
2987 2358 3270 2426 ποταμοῖς,
3305 2354 3401 2408 καὶ
3448 2355 3651 2415 ἵππους
3693 2369 3752 2404 τε

2161 2448 2474 2517 παρείχετο,
2505 2449 2601 2501 καὶ
2631 2448 2771 2500 ὅπλα
2797 2449 2948 2517 δῶρα
2977 2447 3071 2500 καὶ
3097 2445 3355 2515 στρατιὰν
3405 2445 3510 2498 ούκ
3565 2445 3755 2510 ὀλίγην

2164 2521 2472 2608 συμμαχεῖν
2495 2555 2509 2569 ·
2543 2538 2960 2608 φιλοφρονηθεὶς
2982 2537 3040 2589 δὶ
3084 2535 3189 2589 ὑπὸ
3225 2535 3492 2604 βασιλέως
3521 2535 3616 2586 καὶ
3655 2535 3752 2586 αὑ-

2161 2632 2273 2698 τὸς,
2322 2632 2652 2699 ἀνέστρεφεν
2703 2631 2780 2692 είς
2845 2628 2944 2700 τὴν
3010 2629 3225 2683 Ἀσίαν.
3261 2627 3526 2691 Βασιλεὺς
3580 2630 3635 2681 δὲ
3685 2631 3752 2681 τὲ

2165 2727 2330 2793 μήπω
2360 2724 2828 2792 προσχωρήσαντα
2878 2719 3126 2790 πολίχνια
3155 2720 3331 2790 ἐπῄει,
3358 2722 3454 2772 καὶ
3497 2719 3757 2772 κατεῶυ·

2163 2814 2339 2882 λοῦτο,
2369 2813 2624 2881 καὶπρὸς
2703 2809 3055 2881 Μυριὸφυτον
3096 2809 3286 2874 ἐλθὼν,
3329 2810 3596 2880 ηὐλίσατο
3655 2811 3754 2880 τὴν

2164 2903 2334 2958 νύκτα
2384 2906 2441 2957 έν
2475 2903 2622 2974 οἰκίᾳ
2666 2902 2879 2973 μεγάλῃ
2907 2901 3156 2971 διωρόφῳ
3184 2917 3200 2930 ³
3237 2902 3444 2954 εἴθιστο
3470 2903 3529 2956 δὲ
3561 2904 3652 2956 διά
3693 2919 3752 2955 τε

2137 2999 2263 3067 -τὴν
2293 2993 2606 3066 βραχύτητα
2633 2995 2731 3064 τῆς
2760 2995 2996 3064 ἡμέρας,
3022 2993 3228 3062 χειμὼν
3249 2995 3357 3064 γὰρ
3387 2992 3475 3066 ἦν,
3545 2998 3642 3049 καὶ
3695 2997 3752 3046 το

2165 3091 2415 3157 ἀνάγκην
2444 3088 2587 3157 ἔχειν
2619 3088 2744 3156 ἄχρι
2779 3085 2976 3146 νυκτὸς
3001 3084 3239 3153 ἔφιππον
3263 3083 3427 3151 εἶναι,
3455 3088 3515 3140 ού
3542 3087 3650 3156 γὰρ
3687 3083 3753 3157 ἦν

2166 3185 2287 3236 ὅποι
2327 3182 2438 3234 τῶν
2467 3182 2650 3234 ἵππων
2688 3179 3003 3242 ἀποϐάντας
3051 3181 3275 3248 ἄριστον
3300 3179 3603 3250 αἱρεῖσθαι,
3655 3181 3754 3245 τῆς

2165 3274 2384 3343 Θρᾴκης
2405 3273 2621 3342 ἁπάσης
2641 3272 2748 3326 ὑπὸ
2776 3272 2869 3326 τοῦ
2902 3273 3141 3344 πολέμου
3174 3271 3432 3338 ἀοικήτου
3452 3271 3755 3340 γενομένης

2162 3363 2304 3432 πλὴν
2329 3363 2438 3416 τῶν
2469 3363 2700 3427 πόλεων,
2733 3363 3044 3434 ἀρχομένης
3075 3361 3234 3424 εὐθὺς
3257 3360 3475 3432 ἡμέρας
3498 3363 3752 3432 ἀριστᾷν,

2166 3456 2260 3507 καὶ
2298 3452 2441 3507 οὕτω
2469 3454 2816 3524 διημερεύειν
2839 3474 2853 3487 ·
2879 3457 2928 3508 οἱ
2955 3457 3084 3521 περὶ
3117 3456 3282 3507 αὑτὸν
3305 3455 3362 3507 δὲ
3385 3456 3531 3508 κατὰ
3555 3456 3610 3506 τὺ
3632 3454 3752 3516 ἑθος

2135 3615 2138 3618 λ
2161 3547 2562 3614 ἀναγκάζοντες
2615 3550 2810 3611 ποιεῖν,
2836 3549 2935 3599 ούκ
2964 3549 3197 3616 ἠθέλησε
3219 3563 3232 3577 ·
3252 3547 3465 3598 δεῖσθαι
3489 3547 3593 3613 μὲν
3630 3562 3752 3615 τρο-

2162 3640 2268 3708 φῆς
2296 3638 2488 3702 εἰπὼν,
2526 3641 2834 3708 ἀναχωρεῖν
2862 3641 2917 3692 δὲ
2945 3640 3264 3707 ἐπείγεσθαι
3295 3637 3470 3702 οὕτως
3504 3641 3749 3708 αὐτομά-

2162 3747 2271 3793 τως
2296 3747 2311 3762 ⁸
2339 3731 2540 3785 αὐτίκα
2565 3747 2624 3783 τε
2651 3730 2930 3801 ἐπέϐησαν
2975 3731 3084 3784 τῶν
3143 3733 3327 3784 ἵππων
3389 3732 3750 3792 κελεύσαντος

2167 3825 2400 3887 ἐκείνου,
2433 3824 2683 3895 καὶπρὸς
2708 3825 2901 3894 ἑτέραν
2928 3825 3186 3894 πολίχνην
3231 3827 3291 3878 ού
3353 3825 3491 3879 πολὺ
3543 3825 3747 3895 διέχου-

2165 3930 2265 3967 σαν
2305 3915 2683 3986 Μυριοςρύτου,
2736 3914 2935 3986 Χώραν
2980 3917 3538 3986 προσαγορευομένην
3578 3909 3745 3986 ἦλθον

2165 4006 2244 4059 ἔτι
2275 4007 2443 4076 μήπω
2497 4007 2973 4078 προσχωρήσασαν
2997 4023 3008 4037 ·
3061 4005 3282 4076 πέμψας
3310 4023 3367 4059 τε
3399 4008 3427 4059 ὁ
3458 4005 3744 4074 βασιλεῦ’,

2164 4100 2536 4174 προσηγόρευε
2567 4104 2694 4164 τοὺς
2729 4101 2972 4166 πολίτας,
2997 4100 3090 4155 καὶ
3117 4099 3350 4171 παρῄνει
3381 4102 3745 4170 προσχωρεῖν·

2166 4190 2218 4241 cl
2248 4189 2295 4240 δ’
2334 4190 2454 4242 ἀντὶ
2473 4191 2868 4261 προσηγορίας,
2902 4191 3088 4252 κακῶς
3111 4191 3270 4260 ἣκειν
3310 4191 3524 4258 ἔφασαν
3559 4189 3744 4243 αὐτόν·

2167 4281 2367 4342 αὐτοὺς
2389 4281 2445 4334 δὲ
2468 4282 2794 4352 ἀμυνεῖσθαι
2822 4281 3212 4352 προθυμότατα
3243 4280 3308 4334 ἂν
3339 4283 3468 4352 ἐπίῃ
3492 4282 3601 4333 ἀπὸ
3631 4279 3738 4332 τῶν

2165 4371 2384 4442 τειχῶν.
2414 4371 2523 4426 Τοῦ
2551 4373 2989 4444 πρεσϐευομένου
3033 4374 3090 4426 δὲ
3143 4372 3602 4441 κατηγοροῦντος,
3665 4373 3747 4426 ὅτι

2165 4465 2410 4534 ἀνοήτως
2449 4465 2545 4519 καλ⁸
2576 4466 2821 4536 θρασέως
2865 4466 3248 4538 ἀποκρίνοιντο
3309 4466 3524 4535 βασιλεῖ
3567 4482 3758 4552 προτ-⁹

490 4547 601 4615 pidi
638 4543 1064 4614 procubuerunt,
1101 4545 1496 4615 domorumque
1529 4550 1759 4619 amplius
1788 4552 1907 4608 duae
1933 4571 2058 4624 par-

2167 4559 2504 4630 αγορεύοντι,
2543 4559 2732 4630 ἕτερον
2775 4557 2990 4628 ἔφασαν
3048 4560 3251 4611 ἐκεῖνοι
3293 4557 3524 4627 βασιλέα
3571 4543 3742 4626 ἔχειν,

493 4650 598 4701 tes,
627 4647 682 4691 et
711 4635 906 4705 St'pulti
936 4635 1092 4688 ruina
1120 4634 1316 4690 mdium
1359 4653 1422 4692 ac
1453 4640 1714 4695 mmnium
1750 4645 1933 4713 plures
1961 4657 2064 4700 tre-

495 4731 688 4785 et-ntis.
722 4730 823 4792 Qui
869 4727 1000 4782 salvi
1048 4727 1345 4803 restabant,
1381 4739 1532 4786 extra
1573 4734 1831 4803 oppidum
1872 4755 2062 4794 accur-

494 4837 615 4875 rere
641 4822 1007 4888 obtestarique
1038 4834 1109 4871 ne
1137 4833 1195 4872 se
1223 4836 1345 4873 cum
1386 4821 1574 4878 liberis
1605 4827 1656 4878 in
1693 4829 2006 4883 servitutem
2033 4847 2062 4885 a

492 4911 743 4965 Bai-beris
783 4906 1130 4976 abripieudos
1161 4907 1394 4962 deserat.
1450 4908 1647 4964 Eadem
1682 4913 1836 4978 hora,
1873 4915 2062 4968 eodem

503 5012 663 5055 terra:
712 5006 860 5062 motu
903 4996 1045 5049 aedes
1081 4995 1133 5048 in
1169 4997 1363 5064 quibus
1407 5012 1767 5066 pernoctaret,
1805 5020 1835 5056 a
1873 5006 2066 5057 lunia-

501 5094 699 5146 mentis
730 5095 1074 5154 corruerunt,
1106 5087 1398 5156 divinaque
1426 5091 1766 5157 providentia
1799 5095 1942 5149 circa
1971 5098 2068 5148 iiii-

498 5191 806 5253 peratorem
837 5177 1028 5239 eluxit,
1058 5193 1178 5246 quae
1207 5188 1358 5232 certo
1389 5179 1629 5247 periculo
1658 5182 1834 5252 ipsum
1865 5185 2068 5238 libera-

507 5275 601 5325 xit.
637 5270 690 5322 Si
736 5267 878 5319 enim
928 5267 1159 5321 comites
1207 5270 1485 5323 hortantes
1526 5273 1775 5338 audiens,
1810 5274 1917 5329 illic
1949 5275 2070 5329 cibo

498 5378 698 5430 cntpus
728 5358 1045 5423 refecisset.
1077 5376 1199 5415 cum
1236 5377 1344 5415 non
1390 5365 1577 5432 paucis
1610 5366 1676 5418 de
1721 5368 1834 5420 suis
1875 5371 2067 5437 procul

502 5456 666 5507 dubio
696 5452 925 5506 obtritus
950 5453 1205 5523 periisset
1232 5471 1246 5520 ;
1283 5455 1419 5511 adeo
1465 5457 1625 5512 breve
1658 5467 1869 5530 tempus
1901 5461 2070 5516 inter-

503 5555 759 5600 cesserat.
787 5542 902 5597 Jam
940 5561 1069 5600 vero
1111 5561 1236 5602 cum
1266 5548 1420 5603 miles
1450 5551 1703 5620 oppidum
1739 5551 1973 5608 Choram
2015 5565 2074 5609 ut

500 5637 696 5692 hostile
734 5637 889 5690 \‘cllt‘l
916 5638 1172 5708 diripere.
1207 5648 1261 5692 et
1291 5638 1470 5694 Persae
1499 5645 1640 5710 quod
1667 5643 1926 5716 reliquum
1955 5657 2072 5704 erat

499 5731 698 5787 civium
740 5730 1008 5798 captivum
1054 5731 1255 5786 dueere
1301 5736 1750 5804 aggrederentur,
1782 5740 2074 5808 imperator

499 5822 884 5893 super-verrens
939 5824 1142 5892 vetuit,
1177 5825 1544 5897 oppidumque
1576 5828 1842 5889 intactum
1886 5847 2073 5889 serva-

2168 4653 2328 4706 αύτὸν
2357 4652 2414 4705 δὲ
2440 4655 2496 4705 ὲν
2526 4652 2752 4705 οὐδένων
2784 4651 2942 4719 ἄγειν
2978 4652 3164 4721 μοίρᾳ,
3194 4651 3289 4703 καὶ
3315 4651 3500 4720 ὕϐρεις
3548 4650 3750 4704 αὐτίκα

2168 4745 2424 4812 κατέχεον
2454 4742 2619 4797 αὑτοῦ
2653 4744 2869 4806 πολλάς.
2893 4744 3012 4795 Ἔτι
3045 4744 3102 4796 δὲ
3127 4748 3251 4814 περὶ
3277 4743 3375 4806 τὰς
3401 4741 3748 4812 ὕϐρειεὲκεέ-

2170 4853 2273 4887 νων
2305 4835 2496 4898 ὄντων,
2542 4835 2764 4903 σεισμὸς
2823 4835 3032 4902 ὲγίιετο
3077 4834 3310 4898 ἐξαίσιος
3353 4830 3485 4896 οἶος,
3528 4834 3620 4884 καὶ
3678 4834 3744 4886 τά

2169 4942 2229 4978 τε
2301 4927 2458 4996 τείχη
2515 4928 2814 4980 κατέπιπτε
2846 4927 2946 4996 τῆς
3003 4925 3231 4988 πόλεως,
3274 4928 3370 4977 καὶ
3438 4926 3549 4977 τῶν
3605 4925 3745 4975 οἰκιο

2169 5018 2246 5069 ὧν
2286 5019 2428 5088 ὑπὲρ
2453 5019 2551 5080 τὰς
2577 5017 2670 5070 δύο
2703 5018 2916 5087 μοίρας,
2953 5020 3048 5070 καὶ
3081 5015 3516 5085 κατεχώσθησαν
3547 5015 3655 5066 ὑπὸ
3684 5031 3742 5066 τε

2168 5110 2276 5164 τῶν
2303 5111 2500 5180 τειχῶν
2528 5111 2620 5162 καὶ
2658 5109 2767 5162 τῶν
2799 5109 2986 5162 οἰκιῶν
3012 5110 3150 5178 ὑπὲρ
3181 5107 3548 5178 τριακοσίους.
3586 5107 3749 5159 Ὅσοι

2170 5203 2228 5256 δὲ
2255 5203 2512 5269 διέφυγον
2538 5201 2630 5254 τὸν
2661 5201 2933 5267 κίνδυνον,
2971 5200 3187 5270 βασιλεῖ
3221 5199 3602 5268 προσέδραμον
3656 5201 3746 5263 ἐξ·

2171 5292 2438 5356 ελθόντες,
2481 5293 2576 5346 καὶ
2611 5291 2820 5347 ἐδέοντο
2861 5291 2938 5362 μὴ
2965 5291 3104 5360 σφᾶς
3134 5291 3230 5342 καὶ
3264 5289 3430 5342 τέκνα
3484 5288 3748 5358 περιϊδεῖν

2174 5382 2276 5435 ὑπὸ
2307 5379 2416 5434 τῶν
2449 5381 2738 5453 βαρϐάρων
2765 5381 3287 5453 ἀνδραποδισθέντας
3315 5380 3399 5434 ἄν.
3434 5378 3548 5448 Τῆς
3577 5379 3749 5448 αὐτῆς

2173 5471 2230 5525 δὲ
2269 5472 2450 5542 ὥρας,
2481 5474 2584 5526 ὑπὸ
2615 5471 2710 5526 τοῦ
2744 5472 2970 5543 σεισμοῦ
2995 5472 3204 5524 ἐκείνου
3235 5474 3329 5524 καὶ
3352 5473 3386 5541 η
3417 5471 3562 5524 οίκία
3582 5473 3663 5532 εἰς
3680 5472 3745 5539 ἠν

2173 5565 2437 5632 ηὐλίσατο
2464 5566 2491 5618 ὁ
2529 5564 2783 5634 βασιλεὺς
2807 5564 2901 5634 τὴν
2931 5563 3125 5627 νύκτα,
3158 5563 3461 5616 κατέπεσεν
3487 5563 3552 5614 ἐκ
3583 5561 3748 5630 θεμε-

2175 5656 2323 5722 λίων,
2353 5657 2448 5710 καὶ
2478 5659 2511 5726 η
2557 5656 2687 5727 περὶ
2723 5656 2946 5726 βασιλέα
2973 5655 3066 5708 τοῦ
3105 5653 3240 5707 Θεοῦ
3272 5656 3500 5723 πρόνοια
3534 5654 3745 5720 ἐγίνετο

2176 5751 2514 5817 καταφανὴς,
2543 5748 2714 5812 οὕτως
2736 5751 2798 5800 ἐκ
2831 5747 3096 5817 προδήλου
3124 5749 3372 5800 κινδύνου
3409 5744 3743 5815 ῥυσαμένουθ

2180 5843 2228 5892 εί
2273 5840 2378 5910 γὰρ
2450 5840 2635 5910 ἇσπερ
2690 5840 2736 5892 el
2776 5839 2902 5909 περὶ
2947 5839 3110 5890 αὐτὸν
3169 5839 3462 5906 παρῄοιν,
3524 5836 3745 5904 ἄριστόν
