3964 6568
352 436 501 551 ἰιδθ

1482 451 2029 519 HISTORIARUM
2066 451 2303 511 LIBER
2344 451 2445 513 Ill.

3468 446 3603 512 1170

358 562 681 635 ἀναπαύλης
724 561 1111 625 ἀπολαύσαντι,
1135 559 1258 614 οὐδὲ
1286 559 1490 633 ταύτην
1533 578 1612 614 σοι
1641 559 1740 630 τὴν
1771 559 1931 632 χάριν

2035 572 2316 632 praestare.
2353 560 2480 616 Haec
2514 560 2821 630 rescripsit,
2858 567 2915 614 et
2945 568 3135 627 quarta
3168 559 3291 614 luce
3327 557 3607 615 Heraclea:

360 652 655 727 ἀπολνήσω
680 652 1021 709 καταθεῖναιέ
1046 651 1282 705 Τοιαῦτα
1312 652 1413 722 μὲν
1464 651 1777 723 ἀντέγραφε
1833 652 1930 705 καὶ

361 746 634 819 βασιλεύςο
669 746 806 818 μετά
850 744 907 799 δὲ
953 733 1222 815 τετάρτην
1264 742 1589 815 ὲξ’ἑκείνης
1639 738 1801 814 ἦλθεν
1851 745 1932 806 είς

360 838 720 910 ⁶Ηράκλειαν,
751 835 1177 904 καὶπεριέμεινε
1224 834 1493 905 πρδ·’τῶν
1524 833 1711 888 πυλῶν
1763 834 1932 897 ἑστὼς

358 931 444 1001 ἐφ’
486 930 687 984 ίκανόν·
729 930 851 982 ἐπεὶ
883 930 939 981 δὲ
976 926 1157 991 οὐδεὶς
1217 926 1570 999 ἀντεπεξῄει,
1632 926 1693 981 τὸ
1745 926 1935 981 λοιπὸν

312 1006 333 1024 “
366 1021 602 1085 ὁδεύσας,
619 1022 720 1090 τῆς
755 1019 991 1091 ἡμέρας,
1017 1019 1278 1089 ηὐλίσατο
1308 1021 1408 1089 τὴν
1435 1021 1607 1073 νύκτα
1638 1018 1790 1090 παρὰ
1836 1036 1934 1073 ποο-

357 1132 422 1170 τα
435 1118 534 1183 μδν
565 1114 1116 1187 προσαγορευόμενον
1145 1113 1441 1184 Ἀλμυρδν,
1472 1113 1677 1184 μεταξὺ
1719 1113 1935 1185 Σηλυμ-

362 1207 519 1278 ἳρίας
543 1208 636 1259 καὶ
663 1204 1013 1276 Ἡρακλείας.
1049 1206 1142 1269 Είς
1171 1205 1270 1276 τὴν
1302 1206 1598 1277 ὑστεραίαν
1624 1205 1679 1278 δὲ
1731 1207 1931 1275 ἐστραο

356 1276 694 1351 ιιοπέδευσαν
729 1297 881 1366 παρὰ
898 1297 960 1350 τὸ
980 1296 1269 1365 Δαφνίδιον
1296 1276 1612 1368 λεγόμενον,
1662 1276 1798 1352 ⁸ἔνθα.
1837 1294 1933 1368 βα-

361 1393 545 1453 σιλεὺς
596 1384 696 1461 μὲν
727 1391 907 1462 ἔμεινε
933 1392 1084 1462 παρὰ
1115 1390 1175 1444 τὸ
1202 1390 1568 1460 στρατόπεδον
1594 1390 1707 1459 ἅμα
1727 1390 1932 1459 ὀλίγοις

355 1483 464 1536 τῶν
502 1481 813 1553 Ῥωμαίων·
848 1484 882 1552 ἡ
912 1480 1072 1553 λοιπὴ
1094 1481 1151 1535 δὲ
1175 1481 1406 1552 στρατιὰ
1436 1481 1577 1551 μετὰ
1607 1483 1706 1553 τῆς
1740 1483 1934 1550 Περσι-

358 1578 460 1646 κῆς
511 1578 577 1629 τὰ
647 1577 773 1646 περὶ
829 1574 1125 1639 Βυζάντιον
1184 1574 1530 1645 κατέδραμον
1562 1574 1757 1640 ⁸πάντα
1799 1575 1931 1646 ἄχρι

356 1667 737 1738 Προποντίδος,
766 1668 860 1720 καὶ
907 1668 1194 1721 ἐκάκωσαν
1244 1666 1302 1727 ἐς
1340 1664 1407 1719 τὰ
1458 1665 1713 1736 μάλιστα.
1767 1666 1932 1720 Ἀπέ-

354 1762 570 1815 κτεινίν
596 1777 656 1814 τε
683 1760 789 1828 γάρ
812 1760 859 1813 oi
883 1758 1146 1830 βάρϐαροι
1167 1758 1452 1822 πλείστους
1493 1757 1589 1814 καὶ
1605 1758 1930 1830 ἠνδραποδί-

355 1869 542 1906 σαντο.
572 1850 872 1921 Φεύγοντές
903 1869 962 1905 τε
980 1851 1115 1923 πρὸς
1143 1852 1244 1922 τὴν
1277 1852 1559 1906 θάλασσαν
1584 1853 1679 1905 καὶ
1705 1851 1929 1914 πλείους

353 1918 719 2009 ἐμπίπτοντες
747 1944 805 1995 ὲν
833 1942 946 2004 τοῖς
970 1918 1215 2011 λέψμὸοις,
1271 1943 1304 2012 ἢ
1337 1942 1492 2005 ὅσους
1551 1941 1741 2012 φέρειν
1790 1937 1929 2013 ἦσαν
1962 1918 2000 1972 Β

353 2035 598 2100 δυνατοὶ,
619 2033 796 2095 ἄλλως
827 2052 886 2087 τε
913 2034 1008 2087 καὶ⁵
1040 2033 1145 2087 ὑπὸ
1167 2034 1260 2087 τοῦ
1289 2016 1521 2105 θορύϐου
1543 2014 1928 2098 ἀτακτοῦντές,

358 2123 728 2193 ἀπεπνίγοντο
763 2123 1217 2194 ἀνατρεπόμενοιο
1255 2124 1351 2178 καὶ
1384 2126 1638 2186 παντοῖος
1666 2120 1734 2194 ἧν
1763 2125 1790 2176 ό
1810 2125 1929 2178 δλειη

355 2216 485 2283 θρος
532 2211 674 2266 κατά
696 2214 793 2284 τὴν
824 2211 1013 2284 ἔφοδον
1042 2214 1281 2284 ἐκείνηνο
1310 2215 1677 2285 βοσκημάτων
1728 2231 1787 2267 τε
1821 2216 1930 2287 γὰρ

355 2304 563 2381 mare”
589 2303 793 2373 πλῆθος
827 2307 927 2361 οὐκ
962 2305 1149 2377 ὀλίγον
1169 2308 1264 2362 καί
1294 2305 1617 2377 ἀνθρώπους
1645 2305 1932 2377 αἰχμαλώ-

353 2413 484 2460 τους
516 2398 573 2450 τδ
597 2396 949 2468 βαρϐαρικόνο
989 2399 1083 2453 καὶ
1123 2398 1224 2463 τὰς
1273 2396 1533 2462 πλείστας
1583 2397 1693 2451 τῶν
1726 2395 1931 2467 κωμῶν

355 2487 685 2559 ἐνέπρησαν.
716 2489 880 2544 Αίτία
914 2488 971 2544 δὲ
1003 2489 1242 2561 μάλιστα
1272 2492 1371 2561 τῆς
1396 2489 1670 2559 τοσαύτης
1721 2489 1932 2560 φθορᾶς

356 2577 580 2647 ἐγένετο
628 2583 657 2634 ὁ
684 2581 858 2652 μέγας
904 2579 1050 2649 δούξ.
1090 2581 1272 2637 Πολλά
1328 2581 1439 2654 γὰρ
1501 2580 1933 2652 μεγαλαυχήσας

354 2671 453 2724 καλ⁸
479 2676 729 2743 φυσήσας
764 2675 852 2728 ὅτε
879 2672 1145 2745 ἐξήλαυνε
1200 2672 1526 2739 Βυζαντίου,
1577 2674 1672 2727 καὶ
1703 2673 1932 2744 θαρρεῖν

353 2762 642 2829 κελεύσας,
674 2764 748 2830 ώς
789 2766 968 2831 οὐδεὶς
1011 2767 1403 2840 ἀντιστήσεται
1450 2767 1560 2820 τῶν
1627 2764 1929 2835 πολβμίων,

353 2855 499 2911 ἀλλὰ
532 2859 745 2921 πάντας
799 2856 974 2930 ἄρδην
1032 2859 1319 2928 ἐπιφανεὶς
1346 2857 1654 2929 διαφθερεῖ,
1696 2858 1817 2911 ἐπεὶ
1843 2858 1932 2911 έν-

352 2947 583 3027 αντίωςἱ
616 2948 650 3022 ἢ
688 2951 854 3012 αύτδς
884 2950 1254 3020 ἐπηγγέλλετο
1279 2950 1566 3012 ἀπέϐαινε,
1595 2950 1687 3002 καὶ
1738 2945 1934 3019 τειχή-

358 3056 461 3109 ρης
496 3040 636 3094 κατὰ
666 3043 766 3112 τὴν
809 3039 1142 3111 Ἡράκλειαν
1191 3043 1432 3109 ἐγένετο,
1476 3038 1654 3094 καίτοι
1692 3039 1932 3106 δυνάμε-

352 3150 444 3193 νος
482 3132 580 3204 τὴν
647 3135 1042 3205 προσήκουσαν
1090 3135 1222 3205 περὶ
1264 3134 1362 3206 τὴν
1414 3132 1601 3205 χώραν
1664 3133 1930 3203 πρόνοιαν

304 3284 315 3287 _
356 3214 631 3280 ποιεῖσθαι
695 3226 792 3297 τὴν
820 3226 1009 3297 ἔφοδον
1038 3227 1425 3296 ἀπαγγέλλων,
1500 3228 1528 3279 ό
1588 3226 1635 3316 δ’
1665 3224 1820 3279 οὐδὲν
1874 3224 1931 3276 ὲ·-
1955 3255 2002 3316 c

353 3319 502 3371 ποίει
532 3317 643 3372 τῶν
670 3319 923 3384 δεόντων,
956 3320 1146 3391 ὥσπερ
1172 3317 1427 3380 δεδοικὼς
1452 3319 1528 3388 μὴ
1549 3315 1659 3371 τῶν
1690 3316 1928 3387 πολεμί-

351 3429 430 3465 ων
458 3412 635 3482 ἥττων
665 3414 948 3481 γεγονέναι
979 3410 1366 3467 ὑποπτεύοιτο·
1416 3414 1512 3467 καὶ
1544 3410 1633 3465 διὰ
1683 3411 1781 3481 τὴν
1817 3426 1932 3463 τοι-

353 3501 530 3571 αύτην
557 3503 742 3557 ἄνοιαν
775 3504 992 3569 πολλοῖς
1040 3506 1213 3570 αἴτιος
1246 3508 1464 3573 ἐγένετο
1507 3504 1762 3575 μεγάλων
1790 3519 1931 3573 συμ-

354 3594 561 3663 φορῶν,
607 3595 847 3660 Ἐκεῖνος
907 3597 1103 3667 δὲτὴν
1133 3599 1231 3669 μὲν
1287 3601 1368 3662 εἱς
1425 3597 1716 3661 Βυζάντιον
1770 3594 1932 3648 αὐτοῦ

352 3683 611 3738 ἐπάνοδον
642 3685 877 3757 νομίζων
916 3688 1225 3757 ἀναγκαίαν
1280 3685 1443 3752 εἶναι,
1498 3684 1821 3742 ὑποπτεύων
1875 3686 1933 3740 δὲ

352 3773 454 3840 τὴν
484 3776 731 3846 ἤπειρον,
753 3776 828 3841 ὡς
862 3777 1065 3848 μεστὴν
1099 3778 1362 3832 κινδύνων
1409 3777 1496 3832 διὰ
1527 3779 1585 3830 τὸ
1616 3777 1933 3847 ἐπικρατεῖν

351 3867 480 3930 τοὺς
510 3867 821 3937 πολεμίους,
853 3866 944 3922 διὰ
972 3869 1072 3939 τῆς
1101 3868 1376 3939 θαλάσσης
1419 3869 1721 3940 ἀνέστρεφε
1778 3869 1933 3941 τριή-

355 3971 465 4024 ρει,
516 3958 615 4027 τὴν
652 3958 917 4029 στρατιὰν
977 3960 1092 4013 ἐκεῖ
1142 3960 1477 4014 καταλιπών·
1511 3963 1609 4014 καὶ
1667 3960 1930 4032 αἰσχίστη

354 4046 535 4113 ἔδοξεν
580 4048 611 4119 ἡ
660 4049 1028 4127 ἀναχώρησις,
1078 4050 1171 4105 καὶ
1233 4051 1545 4106 ἀποδέουσα
1589 4052 1771 4121 πολλῴ
1825 4051 1934 4105 τῶν

352 4138 609 4195 ἀπειλῶν.
648 4140 909 4207 Βασιλεὺς
932 4142 987 4196 δὲ
1019 4144 1162 4196 ὀκτὼ
1197 4143 1408 4214 ἡμέρας
1444 4148 1572 4215 περὶ
1628 4145 1689 4197 τὸ
1723 4143 1933 4209 Βυζάν-

354 4248 470 4284 τιον
494 4232 799 4303 διατρίψας,
824 4235 919 4286 καὶ
946 4235 1203 4299 κακώσας
1245 4238 1303 4301 ἐς
1357 4237 1429 4289 τε
1489 4235 1747 4308 μάλιστα,
1809 4235 1933 4290 ἀνέ-

2033 662 2162 708 ante
2213 663 2396 722 portas
2424 653 2689 714 constitit.
2726 652 2910 723 ibique
2941 652 3031 706 diu
3068 652 3283 707 hostem
3311 661 3605 720 exspecta-

2032 746 2132 801 vit.
2165 745 2397 823 Nomine
2428 732 2501 800 add
2529 760 2765 820 pugnam
2804 745 3135 814 prodeunte,
3186 743 3458 813 reliquum
3490 743 3603 797 diei

2033 837 2087 891 in
2141 837 2337 893 itinere
2391 852 2627 907 ponens,
2664 847 2826 891 nocte
2870 835 2936 890 ad
2984 835 3208 889 ﬂuvium
3263 834 3600 904 Halmyrum,

2035 927 2334 1001 Selybriam
2368 928 2509 983 inter
2554 934 2613 982 et
2676 925 2991 982 Heracleam
3027 912 3298 981 consedit.
3333 923 3604 984 Postridie

2033 1022 2241 1077 inloco
2297 1019 2661 1090 Daphnidium
2716 1020 2989 1089 appellato
3039 1018 3289 1081 tetendit,
3351 1017 3441 1071 ubi
3489 1018 3606 1085 ipso

2032 1128 2156 1168 cum
2183 1112 2372 1183 paucis
2403 1111 2666 1194 Romanis
2692 1126 2752 1165 se
2780 1111 2977 1165 castris
3008 1110 3283 1165 continuit
3310 1127 3325 1164 :
3360 1109 3603 1178 reiiquns

2035 1206 2308 1262 exercitus
2331 1220 2399 1262 ex
2432 1205 2615 1261 Persis
2645 1204 3008 1259 auxiliaribus
3035 1204 3151 1258 loca
3184 1204 3366 1258 omnia
3396 1202 3602 1274 Byzan-

2034 1298 2114 1353 tio
2149 1298 2377 1353 ﬁnitima
2424 1314 2597 1367 usque
2632 1298 2697 1352 ad
2742 1296 3136 1368 Propontidem
3167 1313 3292 1351 cum
3339 1298 3606 1351 extremis

2031 1390 2275 1445 cladibus
2315 1390 2632 1445 incursavit.
2681 1387 3017 1443 Occiderunt
3055 1390 3200 1443 enim
3247 1369 3303 1442 οἳ
3360 1388 3606 1458 captivos

2034 1488 2334 1551 rapuerunt
2385 1480 2459 1534 illi
2519 1478 2743 1534 Barbari
2792 1480 3050 1534 mortales
3099 1494 3264 1548 quam
3296 1478 3602 1549 plurimos:

2032 1574 2249 1642 pecoris
2280 1587 2499 1643 quoque
2531 1573 2640 1627 vim
2684 1572 2963 1641 ingentem
3000 1572 3320 1643 abegerunt,
3374 1581 3429 1624 et
3456 1570 3607 1624 vicos

2034 1678 2229 1734 magno
2245 1679 2475 1718 nurnero
2506 1671 2860 1719 exusscrum.
2893 1664 2996 1729 Qui
3026 1663 3091 1717 ad
3108 1660 3271 1718 'mare
3302 1661 3605 1731 fugiebant,

2033 1770 2157 1809 cum
2189 1756 2243 1810 in
2277 1755 2487 1812 lembos
2555 1757 2829 1811 insilirent
2856 1758 3083 1827 plures,
3118 1771 3280 1826 quam
3332 1755 3458 1810 ferri
3498 1770 3610 1824 po-

2037 1855 2237 1913 terant,
2270 1847 2337 1902 ad
2375 1849 2490 1903 lucc
2520 1847 2689 1902 etiam
2733 1864 2844 1917 pra:
2876 1849 3118 1903 tumultu
3149 1863 3213 1902 ac
3250 1846 3609 1917 trepidatione

2031 1939 2277 1994 ordinem
2314 1941 2519 1994 nullum
2557 1949 2826 2005 tenerent,
2877 1941 2984 1994 illis
3029 1939 3236 1995 eversis
3292 1940 3610 2010 submerge-

2035 2032 2252 2097 bantur,
2297 2032 2605 2103 licebatqu
2635 2048 2699 2087 ea
2749 2032 3067 2087 incursione
3112 2032 3361 2102 aspicere
3399 2031 3607 2086 variam

2033 2125 2346 2180 saevissimae
2378 2125 2707 2180 calamitatis
2735 2125 3052 2193 imaginem.
3085 2124 3261 2194 Hujus
3293 2133 3455 2178 tanta!
3484 2139 3610 2193 per-

1985 2285 1994 2294 .
2033 2214 2259 2272 ditionis
2317 2217 2475 2286 culpa
2529 2233 2700 2288 penes
2746 2233 3002 2288 magnum
3054 2218 3247 2272 ducem
3295 2215 3420 2271 fuit.
3468 2216 3609 2270 Cum

2030 2309 2179 2364 enim
2210 2309 2474 2382 Byzantio
2499 2309 2820 2381 Qgrediens.
2864 2310 3122 2378 superbia
3158 2305 3402 2365 tumidus
3430 2308 3611 2363 Thra-

2032 2401 2223 2456 sonica
2247 2401 2407 2457 verba
2436 2400 2692 2472 iactaret,
2719 2400 3052 2472 juberetque
3087 2401 3363 2456 conﬁdere
3394 2401 3615 2459 nullum.

2032 2494 2276 2551 hostium
2306 2511 2366 2550 se
2407 2498 2815 2566 oppositurum,
2849 2494 2944 2551 sed
2975 2510 3076 2550 suo
3125 2502 3336 2572 tantum
3372 2509 3612 2565 conspe-

2033 2595 2126 2641 ctu
2189 2602 2381 2641 omnes
2432 2601 2491 2641 se
2540 2586 2608 2642 ad
2674 2602 2843 2640 unum
2891 2586 3259 2657 perditurum,
3319 2595 3609 2656 postquam

2034 2693 2198 2734 secus
2227 2677 2433 2745 evenit,
2465 2693 2626 2749 quam
2650 2677 3000 2749 promiserat,
3033 2687 3089 2733 et
3129 2674 3403 2733 llcraeleze
3437 2677 3609 2733 muris

2034 2783 2095 2823 sc
2148 2769 2285 2823 texit
2359 2765 2630 2838 (quamvis
2672 2754 2880 2837 posset
2938 2768 3334 2823 convenienter
3393 2769 3607 2839 regioni

2033 2858 2343 2938 providere,
2381 2866 2435 2913 et
2478 2857 2735 2913 hostilem
2786 2859 3082 2914 adventum
3125 2859 3472 2928 denuntiare)
3520 2861 3609 2913 ni-

2036 2953 2223 3022 hilque
2280 2966 2346 3006 ex
2394 2949 2577 3005 cilicio
2637 2962 2737 3005 suo
2793 2949 2924 3005 fecit
2976 2949 3191 3020 (utpote
3250 2951 3446 3004 timens
3474 2988 3517 3013 ,ς
3543 2965 3612 3005 ne

2035 3040 2286 3099 hostibus
2312 3041 2539 3098 inferior
2569 3042 2895 3112 videretur),
2936 3051 2993 3097 et
3034 3056 3132 3113 per
3164 3055 3282 3096 eam
3315 3041 3609 3096 amentiam

2033 3137 2300 3208 plurimos
2336 3134 2576 3190 reddidit
2609 3135 2971 3191 miserrimos.
3019 3134 3159 3189 Cum
3197 3132 3474 3204 iudicaret
3514 3150 3613 3188 au-

2035 3241 2165 3295 tem,
2210 3232 2578 3289 reversionem
2612 3243 2769 3285 suam
2808 3227 3133 3300 Byzantium
3178 3242 3302 3283 esse
3344 3243 3611 3283 necessa-

2034 3323 2206 3389 riam,
2267 3329 2323 3378 et
2376 3322 2751 3377 continentem
2801 3329 2861 3375 ut
2915 3316 3341 3376 infestissimam
3386 3329 3611 3389 prepter

2034 3415 2224 3471 hostes
2254 3422 2545 3481 metueret,
2579 3413 2755 3484 c0piis
2791 3413 2866 3468 ibi
2920 3411 3150 3476 relictis,
3192 3426 3289 3482 per
3325 3426 3474 3465 mare
3510 3411 3610 3464 tri-

2033 3505 2169 3561 remi
2225 3506 2385 3560 rediit
2415 3523 2431 3561 :
2464 3506 2691 3576 viSaque
2721 3505 2918 3561 reditio
2959 3504 3381 3574 turpissima,“et
3435 3501 3612 3556 mina-

2033 3614 2154 3653 rum
2204 3599 2420 3652 illarum
2453 3599 2754 3652 terroribus
2786 3597 2946 3670 longe
2977 3596 3277 3654 dissimilis.
3304 3595 3611 3665 imperator

2033 3700 2160 3745 octo
2186 3689 2382 3744 diebus
2410 3703 2582 3759 prope
2608 3690 2930 3760 Byzantium
2965 3689 3324 3759 consumptis,
3355 3696 3411 3743 et
3439 3686 3611 3742 detri-

2034 3781 2237 3836 mentis
2275 3781 2603 3835 immanibus
2650 3780 2839 3845 illatis,
2888 3778 2941 3833 in
2972 3778 3260 3845 Thraciam
3299 3794 3607 3850 regressus,

2033 3873 2297 3929 continuo
2323 3884 2512 3927 omnes
2547 3870 2730 3934 urbes,
2759 3870 2980 3925 auxiliis
3009 3885 3040 3924 e
3067 3870 3321 3941 Byzantio
3348 3871 3610 3941 desperao

2036 3967 2139 4033 tis,
2161 3973 2356 4036 praeter
2376 3964 2576 4019 Eoum
2607 3972 2665 4019 et
2696 3963 3055 4019 llexamilium
3087 3973 3137 4018 et
3173 3964 3512 4034 Calliopolim
3547 3980 3609 4019 se

2035 4059 2390 4133 subjicientes
2462 4059 2694 4128 accepit.
2762 4057 3090 4113 Convocatis
3148 4071 3311 4127 porro
3358 4057 3607 4110 omnium
3660 4102 3665 4107 .

2037 4146 2304 4223 pra-lectis
2347 4152 2510 4223 622
2559 4151 2627 4205 ab
2673 4151 2918 4222 Augusta
2962 4150 3262 4216 institutis,
3330 4150 3608 4219 multaque

2038 4244 2266 4298 lenitate
2326 4259 2390 4299 ac
2440 4243 2864 4299 mansuetudine
2916 4243 3183 4313 exceptis,
3242 4242 3608 4313 mandatoque

357 4340 589 4395 στρεφεν
619 4327 696 4389 εἰς
727 4327 972 4400 Θρᾴκην,
997 4329 1090 4382 καὶ
1122 4331 1290 4383 πᾶσαι
1326 4328 1508 4392 πόλεις
1530 4328 1727 4384 αὐτίκα
1770 4345 1931 4398 προσ-

2033 4352 2106 4390 ue
2163 4352 2326 4406 quam
2384 4351 2568 4391 rerum
2637 4351 2861 4392 suarum
2919 4322 3188 4407 iacturam
3246 4344 3604 4406 paterentur,

355 4416 614 4487 εχώρουν,
654 4420 751 4489 τὴν
779 4422 841 4473 ἐκ
865 4421 1159 4505 Βυζαντίου
1224 4421 1477 4492 βοήθειαν
1525 4420 1937 4490 ἀπογινώσκου-

356 4521 468 4568 σαι,
499 4507 633 4578 πλὴν
650 4509 813 4562 Αἴνου
846 4513 942 4563 καὶ
972 4510 1290 4582 Ἐξαμιλίου
1323 4514 1417 4564 καὶ
1439 4511 1675 4566 Καλλίου
1704 4511 1932 4576 πόλεως.

2036 4426 2359 4496 quibusdam
2420 4426 2547 4481 item
2580 4426 2921 4481 tenuioribus
2968 4424 3172 4480 viatico
3209 4434 3263 4478 et
3293 4423 3448 4493 cquis
3481 4438 3608 4493 sup-

2044 4515 2322 4584 peditatis,
2372 4514 2693 4587 Byzantium
2733 4530 2828 4570 eos
2862 4514 3092 4576 dimisit.
3138 4514 3303 4569 etiam
3347 4522 3458 4575 tum
3512 4529 3609 4583 pa-

352 4596 492 4660 Τοὺς
519 4599 577 4652 ὲν
607 4600 843 4664 ἀπέισαις
880 4603 936 4655 δὲ
962 4596 1254 4674 ’ἄρχοντας
1310 4603 1654 4672 συναγαγὼν,
1703 4603 1753 4658 οἳ
1781 4606 1929 4676 παρά

2035 4625 2156 4665 cem
2216 4625 2414 4679 rogans
2475 4625 2586 4663 non
2663 4608 3064 4680 imperatricem
3129 4608 3342 4673 solum,
3402 4607 3497 4663 sed
3552 4616 3609 4661 et

359 4684 628 4758 βασιλίδος
656 4689 797 4764 σαν
826 4696 1289 4768 ἐπιτετραμμένοι
1330 4700 1428 4762 τὰς
1467 4700 1661 4771 ἀρχὰς,
1689 4702 1782 4755 καὶ
1799 4702 1928 4754 πολ-

314 4764 455 4851 ’λὴν
482 4787 613 4855 περὶ
654 4787 851 4851 αὐτοὺς
881 4764 1180 4871 ἐπιείκειαν
1224 4792 1317 4845 καὶ⁸
1363 4764 1678 4862 ἡμερότητα
1727 4792 1931 4846 ἐπιδει-

354 4872 608 4941 ξάμενος,
640 4877 907 4945 κελεύσας
941 4898 998 4934 τε
1045 4872 1271 4952 μηδενὸς
1316 4883 1758 4954 ἀποστερηθῆναι
1818 4882 1929 4936 τῶν

351 4964 601 5030 ἐνόντων,
628 4967 791 5032 ἐνίοις
830 4970 889 5023 δὲ
946 4972 1039 5025 καὶ
1069 4971 1399 5044 ἀναλώματα
1454 4974 1552 5027 καὶ
1594 4970 1796 5037 ίππους
1826 4989 1932 5028 πα-

352 5055 683 5126 ρασχόμενος
712 5060 827 5113 ὅσοι
865 5061 941 5133 μὴ
966 5061 1230 5135 εὐπόρουν
1253 5064 1334 5127 είς
1367 5062 1661 5128 Βυζάντιον
1681 5064 1933 5136 ἀπέπεμ-

349 5164 440 5208 πε,
470 5151 600 5220 περὶ
623 5153 716 5222 τῆς
740 5153 965 5227 εἰρήνης
983 5150 1139 5221 αὖθις
1168 5157 1231 5210 οὐ
1263 5156 1534 5230 βασιλίδος
1565 5160 1746 5227 μόνον,
1792 5157 1930 5212 ἀλλά

348 5238 445 5291 xui.
509 5244 849 5316 πατριάρχου
923 5248 1016 5301 καὶ
1087 5249 1263 5303 ἄλλων
1330 5248 1582 5321 δεόμενος
1629 5249 1927 5321 ἀρχόντων,

344 5333 751 5391 τάναντιώτατα
777 5341 889 5402 τοῖς
918 5340 1094 5393 ἐκεῖσε
1125 5340 1349 5413 ἄρχουσι
1376 5342 1465 5395 διά
1507 5342 1747 5411 σπουδῆς
1800 5340 1932 5395 πολ-

344 5423 448 5494 λῆς
482 5426 768 5496 τιθέμενος
801 5432 994 5486 ποιεῖν.
1045 5432 1305 5488 Ἐκείνων
1352 5436 1463 5506 γὰρ
1506 5435 1566 5488 ού
1599 5434 1759 5507 μόνον
1799 5433 1949 5499 τοὺςῤ

346 5518 597 5586 φανερῶς
636 5522 888 5578 τάκείνου
918 5524 1250 5596 ᾑρημένους,
1303 5526 1441 5581 ἀλλὰ
1470 5527 1563 5581 καὶ
1588 5528 1642 5580 εί
1671 5544 1756 5591 τις
1800 5522 1929 5598 ἦθος

348 5609 636 5678 ύποφαίνοι
666 5613 804 5682 πρὸς
838 5615 907 5668 τά
932 5616 1281 5688 πραττόμενα
1313 5619 1771 5687 ἀγανακτοῦντος,
1817 5635 1909 5672 πιο

342 5699 493 5769 κρῶς
524 5703 617 5756 καὶ
643 5705 1022 5777 ἀπανθρώπως
1085 5708 1442 5774 κολαζόντων,
1470 5702 1626 5775 οὗτος
1654 5712 1766 5775 τοῖς
1801 5710 1930 5766 συλ-

342 5790 784 5865 λαμϐανομένοις
815 5801 879 5852 ἐκ
911 5801 1019 5854 τῶν
1050 5802 1468 5874 προσκειμένων
1501 5802 1760 5874 βασιλίδι,
1783 5821 1926 5875 παρ-

264 5948 279 5955 -
343 5882 521 5953 ιίχετο
546 5888 638 5942 καὶ
667 5889 836 5962 δῶρα,
871 5894 964 5947 καί
998 5893 1350 5967 πρδςτῦὄρεις
1372 5896 1602 5969 αίσχράς
1649 5896 1741 5951 καί
1802 5898 1926 5952 ἀνε-

2035 4701 2402 4772 patriarcbam
2442 4708 2498 4757 et
2538 4701 2831 4755 archontas
2882 4701 3040 4766 alios,
3099 4716 3167 4756 ex
3211 4700 3476 4754 diametro
3518 4698 3609 4754 ‘di-

2033 4810 2190 4849 versa
2246 4794 2454 4848 abillis
2504 4793 2684 4848 facere
2737 4792 3110 4862 maximopere
3171 4792 3410 4846 enitens.
3471 4789 3607 4845 Nam

2037 4899 2158 4938 cum
2217 4885 2295 4938 illi
2355 4900 2459 4938 non
2512 4883 2675 4938 modo
2713 4897 2810 4938 eos
2867 4882 2958 4952 qui
3006 4891 3192 4953 aperte
3226 4883 3608 4938 Caniacuzeno

2036 4972 2303 5035 faverent,
2342 4972 2437 5027 sed
2478 4973 2522 5028 si
2562 4971 2685 5043 quis
2713 4972 2797 5027 Vel
2834 4972 3089 5027 allectum
3130 4975 3509 5029 tantummodo
3536 4976 3608 5029 ob

2033 5062 2123 5118 illa
2159 5078 2281 5133 qua:
2314 5063 2515 5119 fiebant
2552 5063 2792 5119 dolentis
2816 5062 3277 5129 subostendisset,
3312 5064 3606 5134 indignan-

2034 5162 2116 5209 tes
2161 5152 2421 5210 atrociter
2462 5153 2612 5208 illum
2685 5164 2739 5209 et
2773 5154 3150 5209 inhumaniter
3183 5155 3485 5224 punirent:
3516 5158 3604 5210 hic

2032 5244 2208 5314 captis
2253 5244 2344 5313 qui
2401 5245 2470 5299 ab
2536 5243 2886 5314 imperatrice
2947 5251 3192 5329 starent,
3242 5244 3405 5298 etiam
3462 5245 3604 5300 dona

2032 5336 2388 5408 largiebatur.
2437 5335 2689 5406 Cumque
2742 5336 2816 5390 illi
2873 5336 2942 5391 ad
3006 5332 3151 5391 [teda
3203 5344 3260 5390 et
3313 5337 3603 5395 illiberalia
3692 5338 3708 5356 '

2033 5427 2283 5483 convicia
2334 5434 2391 5483 et
2440 5426 2547 5497 ipsi
2599 5435 3074 5492 converterentur,
3115 5436 3171 5480 ct
3227 5428 3367 5482 alios
3409 5443 3621 5485 omnes,

2032 5518 2329 5575 incitarent
2361 5535 2375 5572 :
2409 5518 2579 5585 hunc,
2621 5517 2668 5572 si
2703 5519 2827 5588 quis
2858 5527 2954 5572 aut
2986 5519 3041 5574 in
3091 5517 3458 5588 patriarcham
3509 5529 3606 5575 aut

2034 5614 2091 5670 in
2150 5628 2408 5687 magnum
2473 5614 2695 5676 ducem,
2757 5623 2852 5668 aut
2907 5613 3070 5668 alium
3123 5614 3190 5670 de
3244 5615 3603 5670 archontibus

2036 5704 2489 5763 contumeliosius
2537 5703 2820 5774 quidpiam
2868 5704 3134 5769 dixisset,
3194 5706 3600 5761 severissimum

2035 5796 2433 5868 experiebatur.
2468 5795 2880 5867 lmperatricem
2935 5811 3152 5867 quoque
3186 5806 3241 5852 et
3267 5798 3387 5867 ejus
3429 5795 3597 5849 lilium

2035 5892 2441 5965 imperatorem,
2473 5890 2591 5961 ipso
2620 5890 2873 5962 jubente,
2902 5906 3111 5961 semper
3158 5887 3594 5947 honorificentia.»
