3964 6580
256 412 453 507 ina.

1419 431 1967 493 HISTORIARUM
2011 431 2244 509 LIBER
2282 432 2397 493 ΙΙῘ.

3390 428 3565 496 11Ἷ4¹

279 549 388 606 ὐπὸ
413 548 608 619 Βράνῳ
644 541 736 619 ἦν,
786 546 881 601 καὶ
937 547 1049 610 τοῖς
1089 544 1388 616 πράττουσι
1445 547 1516 599 τὰ
1562 543 1853 615 βασιλίδος.

1961 532 2073 595 non
2129 542 2307 597 solum
2358 553 2580 613 propter
2634 544 3048 603 frustrationem
3099 545 3370 613 civitatis,
3436 552 3532 603 sed

277 639 391 692 Καὶ
415 637 759 706 Ἀπόκαυχον
796 639 891 689 τδν
918 635 1071 705 σφῶν
1099 635 1336 706 ἄρχοντα
1362 634 1682 705 πέμψαντες
1711 636 1852 706 ἠγα-

278 747 379 797 γον
408 730 473 781 ἐκ
497 727 792 781 Βουκέλου.
820 726 1085 790 Βασιλεὺς
1117 727 1176 780 δέ
1235 727 1356 779 ἐπεὶ
1395 725 1628 811 ἐπύθετο
1663 727 1731 780 τά
1759 744 1852 795 γε·

276 821 579 889 γενημένα,
600 818 662 872 οὐ
694 817 930 889 μετρίως
946 816 1172 888 ἤχθετο,
1203 818 1265 871 οὐ
1314 818 1475 889 μόνον
1510 820 1608 889 τῆς
1640 818 1850 881 πόλεως

277 907 592 978 ἀποτυχὼν,
630 908 767 962 ἀλλά
798 910 892 961 καὶ
955 908 1067 962 τῶν
1122 908 1294 979 φίλων
1345 908 1741 980 ἀπολλυμένων
1787 911 1852 963 ἐκ
1909 964 1912 968 .

275 1001 375 1070 τῆ;
419 999 695 1064 ἀϐουλίας.
729 1001 1071 1072 Ἀπόκαυχος
1110 1002 1168 1054 δέ
1196 1002 1453 1072 Μανουὴλ
1483 1002 1512 1054 ό
1540 1002 1636 1056 τοῦ
1682 1005 1854 1073 μεγά-

277 1092 373 1146 λοῦ
398 1091 587 1155 δουκδς
618 1091 752 1160 υίὸς,
785 1092 919 1162 πρὸς
955 1091 1181 1162 βασιλέα
1206 1092 1391 1163 κρύφα
1424 1095 1669 1165 πέμψας,
1700 1095 1852 1167 πρῶ·

279 1202 370 1240 τον
396 1185 494 1254 μὶν
522 1185 729 1255 ἔφασκε
765 1186 857 1239 κοιλ⁸
903 1185 1067 1239 αὐτὸν
1115 1185 1381 1240 ἀκούοντα
1440 1187 1590 1258 παρά
1646 1204 1707 1241 τε
1743 1189 1853 1244 τῶν

277 1273 455 1328 ἄλλων
487 1274 582 1328 καὶ
615 1273 711 1328 τοῦ
745 1275 949 1345 πατρδς
980 1275 1146 1329 αὐτοῦ
1186 1276 1357 1330 πολλά
1403 1277 1498 1332 καὶ
1537 1279 1690 1333 δεινά
1717 1297 1852 1334 κατ-

276 1364 662 1437 ηγορούντων,
713 1367 997 1420 πείθεσθαι
1064 1369 1160 1421 καὶ
1212 1368 1417 1437 αὐτὸν,
1468 1371 1562 1423 καὶ
1612 1371 1854 1443 νομίζειν

279 1458 524 1522 ἐκείνους
542 1457 850 1530 ἀληθεύειν·
880 1461 1057 1532 χρόνῳ
1085 1460 1143 1513 δὲ
1168 1461 1435 1533 πρότερον
1460 1462 1664 1534 πολλῷ,
1696 1467 1855 1536 ἀκρι-

279 1549 389 1613 ϐῶς
418 1550 527 1602 τῶν
556 1551 857 1622 γινομένων
874 1546 983 1616 τὰς
1015 1551 1195 1616 αἰτίας
1243 1552 1592 1622 ἐξετάζοντα,
1664 1558 1854 1612 τοῦτον

280 1638 381 1709 μὲν
408 1638 609 1704 ἀδίκως
646 1642 1047 1713 πολεμούμενον
1069 1643 1346 1715 εὑρίσκειν
1424 1648 1670 1713 ἐκείνους
1702 1649 1759 1704 δὲ
1787 1651 1855 1704 τὰ

277 1729 483 1800 ἔσχατα
511 1731 832 1797 ἀδικοῦντας
851 1734 951 1787 οὐκ
980 1734 1145 1788 αὐτὸν
1180 1736 1364 1806 μόνον,
1389 1737 1529 1791 ἀλλὰ
1575 1741 1675 1793 καὶ
1711 1740 1854 1811 σύμ-

142 1836 149 1841 '
204 1900 213 1907 ι
260 1838 490 1884 ,παντας
528 1820 831 1894 Ῥωμαίους
863 1823 1037 1890 οὕτως
1098 1826 1723 1900 ἐξανδραποδιζομένους
1759 1834 1856 1887 καὶ

277 1915 683 1984 ἀπολλυμένους
714 1918 887 1989 ἄρδην
911 1920 1000 1973 διά
1027 1921 1131 1992 τὴν
1165 1922 1391 1976 ἐκείνων
1419 1925 1714 1996 φιλαρχίαν
1756 1927 1851 1980 καὶ

278 2006 673 2081 ἀγνωμοσύνην
704 2027 718 2043 ·
776 2011 899 2066 ὅθεν
948 2014 1042 2066 καὶ
1090 2014 1420 2082 ἀγανακτεῖν
1458 2017 1559 2070 οὐκ
1611 2019 1855 2082 ἀνεκτῶς

280 2102 419 2172 πρὸς
447 2102 557 2154 τῶν
594 2105 987 2175 πραττομένων
1039 2106 1140 2176 τὴν
1177 2106 1427 2166 ἀτοπίαν.
1495 2108 1763 2174 Ἐλπίζων
1793 2110 1853 2164 δέ

286 2211 409 2247 τινα
441 2195 655 2265 ταχέως
683 2195 840 2251 λύσιν
865 2197 972 2252 τῶν
1020 2200 1209 2254 κακῶν
1261 2201 1615 2271 γενήσεσθαι,
1667 2203 1855 2275 φέρειν

278 2287 381 2355 τὴν
417 2285 535 2356 μετ’
568 2286 794 2341 ἐκείνων
844 2288 1148 2362 διατριὸἠν.
1198 2291 1334 2345 Νυνὶ
1368 2292 1426 2347 δὲ
1476 2294 1705 2347 ἐκείνων
1755 2297 1855 2364 μὲν

276 2378 486 2449 ὁρῶντα
517 2376 615 2449 τὴν
647 2380 925 2447 ἀπόνοιαν,
959 2382 1055 2435 καὶ
1100 2382 1175 2446 ὡς
1206 2380 1326 2437 οὐδὲ
1383 2384 1495 2438 τῶν
1540 2387 1728 2440 κακῶν
1754 2388 1857 2459 ἤδη

283 2470 660 2539 περιστάντων
687 2473 754 2524 τά
785 2472 973 2526 δέοντα
999 2474 1125 2546 περί
1149 2491 1207 2527 τε
1244 2476 1395 2544 σφῶν
1420 2475 1600 2531 αὐτῶν
1624 2478 1719 2531 καὶ
1748 2478 1856 2532 τῶν

284 2564 463 2617 ἄλλων
505 2563 750 2635 ἔγνωσαν
791 2550 1165 2636 βουλεύεσθαι,
1217 2568 1335 2622 ἀλλ’
1356 2569 1704 2626 ἀπωθοῦνται
1758 2572 1857 2646 τὴν

254 2656 530 2724 .είρήνην,
560 2656 795 2724 μάλιστα
820 2654 912 2711 ὐπ’
935 2658 1099 2712 αὐτοῦ
1140 2662 1623 2734 παρακαλούμενοι
1650 2664 1741 2718 τοῦ
1773 2682 1879 2723 το-.

278 2747 452 2800 σαῦτα
510 2747 606 2803 καὶ
658 2750 925 2822 πρότερον
971 2753 1063 2806 καὶ
1120 2754 1282 2824 μέχρι
1330 2755 1426 2808 νῦν
1474 2756 1855 2828 ἀδικουμένου,

208 2912 214 2919 ρ
276 2839 376 2891 καὶ
403 2837 510 2893 τῶν
537 2841 617 2903 είς
644 2841 804 2894 αὐτὸν
830 2842 1109 2897 τοσούτων
1167 2848 1265 2899 καὶ
1298 2846 1638 2916 τηλικούτων
1665 2852 1858 2907 δεινῶν

275 2932 661 3003 γεγενημένων
699 2936 1080 3005 παρεχομένου
1109 2937 1451 3011 ἀμνηστίαν,
1482 2943 1585 3012 τήν
1614 2960 1675 2998 τε
1710 2945 1858 2998 ἐκεί-

275 3041 386 3076 νων
408 3024 801 3097 βδελυξάμενον
822 3029 1242 3103 ἀγνωμοσύνην,
1267 3034 1362 3089 καὶ
1382 3034 1483 3105 τὴν
1522 3036 1693 3092 αὐτοῦ
1726 3038 1857 3092 θαυ-

276 3132 317 3185 μ
331 3117 527 3169 ὶσαντα
552 3117 955 3190 μεγαλοψυχίαν
972 3120 1067 3176 καὶ
1088 3123 1586 3196 καρτερίανριαὶιτδ
1601 3128 1744 3185 οὕτω
1757 3130 1858 3201 τῆς

1957 632 2122 687 etiam
2152 642 2380 704 propter
2407 633 2617 690 amicos
2640 634 3002 704 ipsorummet
3025 636 3255 691 stultitia
3285 620 3530 705 perditos

1954 736 2307 793 summopere
2347 722 2544 780 doluit.
2594 726 2674 780 Ad
2718 740 2882 796 quem
2914 725 3130 782 Manuel
3164 727 3533 796 Apocauchus

1955 811 2126 878 misit,
2152 812 2246 881 qui
2299 812 2348 867 ei
2395 814 2510 868 suis
2556 815 2740 870 verbis
2784 814 3012 887 diceret,
3063 831 3122 871 se
3155 830 3375 886 quoque
3419 825 3532 870 tum
3602 876 3605 885 λ

1954 912 2165 974 patrem
2216 889 2424 975 ipsum,
2445 917 2559 961 tum
2591 907 2729 961 alios
2755 908 2993 962 multum
3014 915 3071 961 et
3101 908 3343 978 graviter
3370 907 3523 961 illum

1957 1003 2280 1050 accusantes
2345 996 2664 1052 audientem
2722 997 3047 1064 credidisse,
3102 1012 3167 1053 ac
3230 1012 3358 1053 vera
3410 997 3536 1051 illos

1955 1083 2104 1154 loqui
2141 1084 2441 1154 potavisse.
2477 1085 2748 1142 Cancrum
2779 1088 3103 1159 jampridem
3132 1089 3315 1145 causis
3350 1104 3533 1143 rerum

1957 1186 2215 1250 accurate
2241 1177 2530 1243 discussis,
2563 1178 2839 1234 invenisse
2862 1179 3040 1250 ipsum
3069 1179 3217 1234 nulla
3249 1183 3345 1235 s‘na
3373 1180 3535 1249 culpa

1922 1266 2102 1345 [bello
2151 1267 2349 1324 lacessi
2380 1284 2395 1323 :
2424 1267 2547 1324 illos
2585 1275 2765 1324 autem
2806 1268 2966 1340 longe
3015 1268 3414 1339 iniquissimos.
3461 1270 3532 1341 ob

1956 1374 2198 1413 amorem
2251 1358 2597 1422 dominandi,
2635 1368 2690 1416 et
2741 1360 3147 1433 improbitatem
3200 1378 3355 1418 suam
3420 1378 3533 1417 non

1959 1450 2134 1521 ipsum
2187 1451 2371 1518 modo,
2404 1452 2502 1507 sed
2556 1451 2838 1508 Romanos
2876 1469 3070 1510 omnes
3104 1453 3158 1509 in
3212 1455 3532 1509 servitutem

1961 1554 2016 1598 et
2064 1555 2373 1607 extremum
2411 1545 2637 1602 exitium
2671 1547 2858 1603 conari
2899 1546 3263 1618 praecipitare.
3302 1546 3382 1602 Ex
3424 1564 3535 1617 quo

1962 1644 2071 1691 tam
2100 1635 2315 1693 nefario
2348 1653 2540 1694 eorum
2581 1648 2782 1694 conatu
2811 1638 2912 1695 sibi
2947 1639 3291 1695 stomachum
3327 1640 3536 1694 moveri

1964 1723 2466 1781 vehementissime.
2501 1725 2669 1800 624,
2699 1725 2839 1795 Quia
2870 1742 3003 1784 vero
3044 1728 3385 1795 condidisset,
3424 1731 3535 1787 cito

1963 1814 2119 1869 malis
2168 1816 2330 1872 tinem
2385 1816 2653 1884 futurum,
2695 1819 2749 1873 in
2794 1833 2987 1875 eorum
3048 1820 3299 1876 sodalitio
3343 1837 3534 1891 perse-

1889 1884 1930 1939 θ
1971 1920 2214 1962 verasse.
2265 1904 2424 1963 Nunc
2461 1909 2587 1979 quia
2629 1924 2822 1964 eorum
2877 1912 3183 1967 vecordiam
3219 1911 3534 1982 perspiciat,

1954 1995 2049 2067 qui
2084 2012 2265 2068 neque
2313 2000 2471 2056 malis
2502 2000 2613 2071 jam
2663 2015 2829 2072 supra
2877 2012 3043 2073 caput
3089 2004 3399 2059 astantibus
3432 2005 3535 2060 sibi

1954 2089 2184 2159 aliisque
2233 2092 2632 2148 consulendum
2674 2095 3006 2162 statuerint,
3041 2096 3137 2152 sed
3192 2111 3383 2162 pacem
3432 2113 3534 2153 re-

1958 2180 2208 2250 pudient,
2237 2181 2306 2237 ab
2336 2198 2402 2238 eo
2432 2184 2778 2255 potissimum
2805 2186 3043 2254 invitati,
3074 2187 3167 2258 qui
3200 2195 3308 2243 tam
3334 2188 3533 2243 multas

1956 2283 2011 2328 et
2057 2290 2251 2345 graves
2296 2275 2525 2346 injurias
2578 2278 2860 2350 hucusque
2914 2280 3015 2335 sibi
3062 2281 3344 2351 impositas
3408 2296 3534 2351 per-

1959 2376 2123 2436 petua
2179 2366 2456 2423 oblivione
2498 2369 2810 2425 deleturum
2852 2371 3160 2441 promittat,
3221 2382 3278 2429 et
3341 2388 3533 2429 eorum

1957 2458 2137 2513 scelus
2186 2466 2550 2524 exsecratum,
2595 2471 2653 2517 et
2698 2462 2818 2532 eius
2864 2464 3143 2519 excelsum
3189 2464 3432 2520 animum
3468 2481 3533 2521 ae

1960 2550 2304 2605 tolerantiam
2354 2553 2703 2620 admiratum,
2758 2562 2814 2609 et
2861 2555 3005 2625 quod
3053 2556 3184 2611 boni
3224 2562 3535 2613 communis

1958 2640 2130 2711 gratia
2162 2656 2251 2697 res
2272 2656 2401 2699 suas
2423 2643 2560 2699 adeo
2586 2659 2697 2700 non
2726 2645 2893 2701 invite
2922 2646 3196 2717 projiciat,
3232 2663 3345 2703 non
3371 2664 3534 2720 posse

1958 2729 2029 2784 de
2066 2739 2265 2786 caetero
2304 2731 2639 2802 imperatrici
2668 2733 2855 2790 favere
2883 2775 2898 2801 ,
2933 2737 3029 2791 sed
3058 2735 3176 2809 ejus
3206 2747 3390 2809 partes
3418 2754 3537 2792 am-

1959 2821 2178 2891 plexum
2211 2822 2414 2892 potius,
2445 2823 2513 2878 ab
2542 2826 2646 2880 hac
2677 2825 2795 2897 ipsa
2836 2826 2982 2885 hora
3006 2827 3082 2882 illi
3114 2842 3281 2898 opera
3308 2830 3535 2885 inservi-

1965 2934 2171 2993 turum,
2200 2942 2409 2997 proque
2457 2924 2552 2983 illo
2596 2937 2653 2984 et
2702 2929 2918 3000 justitia
2966 2930 3178 2989 nullum
3232 2931 3532 2987 discrimen

1960 3026 2361 3072 recusaturum.
2407 3016 2535 3073 Haec
2574 3017 2665 3074 ille
2710 3019 3043 3076 clanculum.
3090 3021 3189 3077 Cui
3233 3023 3534 3094 imperator

1957 3116 2014 3159 et
2056 3104 2124 3160 de
2174 3114 2383 3160 mutato
2431 3107 2661 3162 consilio
2705 3107 2922 3164 laudem
2980 3112 3298 3182 impertivit,
3356 3124 3411 3168 et
3462 3114 3532 3169 de

274 3209 459 3278 κοινῆς
491 3208 757 3278 ὠφελείας
774 3211 936 3265 ἕνεκα
953 3215 1019 3266 τὰ
1051 3214 1175 3267 καθ’
1204 3215 1396 3270 ἑαυτὸν
1414 3220 1703 3289 προΐεσθαι
1721 3197 1856 3276 ἐτοί-

1962 3197 2148 3252 animo
2178 3212 2303 3268 erga
2350 3212 2411 3252 se
2441 3206 2552 3253 tam
2600 3200 2819 3271 egregio
2865 3202 3066 3271 gratias
3121 3203 3255 3274 egit,
3298 3213 3355 3260 et
3385 3208 3530 3285 quod

277 3316 414 3367 μως,
451 3302 525 3371 μὴ
551 3302 785 3368 ἐκείνοις
817 3304 1085 3361 ἐπιπλέον
1119 3306 1384 3362 δύνασθαι
1406 3314 1668 3366 συνεῖναι·
1725 3315 1862 3370 ἀλλά

273 3377 528 3446 τάίαύτοῦ
547 3394 783 3465 ᾑρῆσθαι
802 3397 1025 3467 μᾶλλον,
1040 3398 1136 3452 καὶ
1151 3400 1210 3466 ἐξ
1225 3403 1395 3474 αὐτῆς
1414 3403 1482 3458 τὰ
1499 3405 1663 3461 αὐτοῦ
1687 3412 1862 3479 πράτ-

273 3500 408 3549 τειν,
433 3488 527 3540 καὶ
544 3490 1161 3558 προκινδυνεύειναύτοῦ
1195 3495 1427 3564 μάλιστα
1457 3497 1742 3568 βούλεσθαι
1766 3504 1860 3556 καὶ

274 3574 370 3626 τοῦ
419 3576 651 3632 δικαίου.
685 3577 925 3633 Τοιαῦτα
953 3580 1054 3652 μὲν
1085 3582 1420 3657 ’Δπόκαυχος
1449 3590 1477 3641 ό
1502 3588 1596 3642 τοῦ
1617 3594 1857 3660 μεγάλου

273 3665 461 3731 δουκδς
493 3671 606 3732 υἱδς
628 3670 764 3741 πρὸς
789 3669 1015 3742 βασιλέα
1039 3675 1225 3746 κρύφα
1249 3678 1541 3748 διελέγετο.
1589 3682 1857 3748 Βασιλεὺς

272 3757 331 3811 δὲ
359 3759 558 3829 ὁμοίως
583 3763 772 3834 ἐπῄνει
811 3782 870 3818 τε
905 3766 1007 3837 τῆς
1045 3769 1308 3838 αἱρέσεως
1340 3771 1434 3826 τοῦ
1484 3775 1695 3843 ἀγαθοῦ
1719 3817 1735 3841 ,
1761 3780 1857 3833 καὶ

276 3853 507 3921 χάριτας
533 3855 634 3925 τῆς
664 3858 744 3920 είς
776 3857 940 3912 αὐτὸν
967 3859 1184 3926 εὐνοίας
1216 3862 1508 3933 ὡμολόγει,
1553 3870 1647 3922 καὶ
1685 3870 1856 3938 ἀφορο

281 3947 390 4015 μὰς
413 3946 704 4019 παρείχετο
736 3949 831 4003 τοῦ
866 3951 1127 4022 πράττειν
1159 3954 1187 4009 ὅ
1221 3972 1274 4010 τι
1326 3957 1547 4014 δύναιτο
1573 3961 1716 4032 ὑπὲρ
1763 3962 1854 4018 αὐ-

275 4035 375 4090 τοῦ
414 4038 731 4111 προθύμως.
766 4043 984 4098 Μετόύ
1036 4045 1239 4125 πολλὰς
1303 4048 1361 4103 δὲ
1412 4044 1650 4122 ἡμέρας,
1703 4055 1855 4109 ἀπο-

277 4129 478 4201 στάντα
506 4133 641 4202 πρὸς
675 4133 863 4203 αὐτὸν,
915 4137 1042 4193 ἐπεὶ
1072 4139 1152 4208 μὴ
1182 4142 1279 4196 καὶ
1305 4140 1407 4213 τὴν
1439 4144 1597 4199 πόλιν
1619 4145 1852 4215 ἠδύνατο

160 4290 167 4296 ,
277 4223 603 4291 προσάγειν,
631 4225 758 4289 τοὺς
808 4220 1237 4299 συναιρομένους
1286 4234 1390 4287 οὐκ
1435 4235 1577 4306 ἐχων
1627 4239 1764 4310 πρὸς
1793 4240 1852 4293 τδ

275 4312 461 4385 ἔργον,
520 4318 791 4388 πρότερον
824 4319 934 4392 γὰρ
978 4322 1146 4396 ὀλίγῳ
1196 4324 1439 4391 ἅπαντες
1491 4331 1540 4383 oi
1582 4329 1851 4398 βασιλέως

277 4404 424 4473 φίλοι
450 4406 541 4459 ὑπ’
574 4409 760 4474 ἀνοίας
789 4410 1188 4495 διεφθάρησαν,
1245 4417 1500 4488 ἀσμένως
1541 4426 1600 4474 τε
1633 4424 1851 4495 ἐδέξατο

273 4496 303 4547 ὁ
329 4494 607 4606 βασιλεὺς,
648 4503 743 4604 καὶ
773 4492 940 4573 τιμῆς
970 4496 1171 4575 ἠξίωσε
1218 4512 1312 4563 καὶ
1357 4512 1645 4581 εὐμενείας
1697 4492 1850 4571 πλείέ
1877 4551 1919 4606 D

274 4601 429 4657 στης.
464 4588 618 4642 Μετά
649 4591 891 4647 τοῦτοδὲ
933 4597 1058 4651 ἐπεὶ
1088 4599 1122 4669 ἡ
1151 4596 1440 4671 ’ᾼδριανοῦ
1488 4606 1845 4678 ἀνεπιχείρη-

271 4679 602 4765 τοςέἐδόκει,
645 4683 813 4757 Βιζύῃ
870 4686 1310 4759 ἐπεστράτευσεν
1360 4695 1388 4747 ό
1420 4693 1695 4766 βασιλεὺς,
1753 4702 1849 4755 καὶ

271 4763 500 4841 ἐπόρθει
528 4775 629 4844 τὴν
663 4775 869 4846 χώραν·
905 4780 1203 4849 πρεσόείαν
1251 4784 1309 4838 δὲ
1335 4763 1552 4856 ἔπεμπε
1587 4791 1721 4858 πρὸς
1748 4792 1847 4862 τὴν

274 4861 456 4929 πόλιν,
492 4866 782 4935 παραινῶν
820 4868 970 4941 αὐτῷ
1004 4873 1382 4944 παραδιδόναι,
1431 4880 1529 4934 καὶ
1559 4881 1635 4952 μὴ
1682 4861 1848 4950 κενῆς

275 4953 490 5045 ἐλπίδος
524 4955 687 5011 ἕνεκα
722 4961 994 5035 τοσαύτην
1028 4964 1230 5035 ζημίαν
1288 4968 1583 5038 ὑπομένειν
1607 4973 1849 5045 διαφθειρ-

274 5043 518 5114 ρομένων
540 5047 651 5101 τῶν
678 5048 886 5120 ἀγρῶνο
922 5054 1064 5123 μετά
1094 5055 1206 5128 γὰρ
1231 5058 1342 5110 τῶν
1378 5061 1564 5113 κακῶν
1587 5064 1688 5132 τὴν
1712 5043 1848 5118 ἐπι-

271 5137 912 5211 φορὰν,παραδὼσουσιν
964 5147 1179 5223 ἀνάγκη
1229 5151 1577 5219 πιεσθέντες.
1640 5157 1848 5223 Βιζύῖοι

271 5228 351 5296 δέ,
378 5230 503 5286 οὐτε
529 5234 938 5305 ἐπηγγέλλοντο
988 5232 1133 5311 σφᾶς
1161 5236 1382 5309 αὐτοὺς
1421 5250 1516 5302 καὶ
1540 5250 1642 5317 τὴν
1693 5250 1847 5304 πόλιν

272 5323 648 5393 παραδιδόναι,
683 5327 808 5382 οὐτε
852 5332 990 5402 πρὸς
1019 5332 1118 5405 τὴν
1150 5335 1407 5391 είωθυίαν
1458 5340 1848 5411 ἀναισχυντίαν
1899 5380 1905 5385 -

272 5414 581 5487 ἐτράποντο
612 5419 709 5475 καὶ
744 5424 840 5486 τάς
874 5423 1087 5496 ὕϐρεις·
1121 5427 1267 5504 ⁸ἀλλ’
1292 5430 1552 5501 εὐφήμως
1594 5435 1689 5488 καὶ
1741 5453 1847 5493 σω-

1964 3300 2148 3361 posset
2172 3306 2271 3363 pro
2301 3307 2361 3348 se
2390 3292 2623 3364 impigre
2650 3291 2886 3349 faciendi
2931 3296 3273 3355 occasionem
3313 3299 3530 3367 praesti-

1961 3385 2048 3439 tit.
2086 3384 2288 3440 Diebus
2314 3385 2525 3456 aliquot
2552 3385 2905 3453 intermissis,
2944 3403 3064 3441 cum
3097 3389 3163 3443 ad
3189 3404 3312 3444 eum
3348 3400 3530 3455 trans-

1962 3474 2089 3539 iret,
2137 3474 2300 3528 simul
2350 3483 2533 3530 autem
2580 3475 2769 3535 urbem
2811 3477 3029 3530 tradere
3063 3479 3337 3547 nequiret,
3384 3479 3532 3548 quod

1960 3564 2298 3620 administris
2347 3565 2511 3636 hujus
2557 3567 2738 3636 Operis
2782 3577 2996 3623 careret
3026 3569 3224 3639 (nuper
3261 3571 3531 3640 siquidem

1959 3669 2152 3709 Omnes
2191 3649 2537 3726 imperatoris
2563 3658 2724 3712 amici
2759 3674 2857 3729 per
2902 3648 3272 3729 insipientiam
3306 3660 3532 3715 interie-

1960 3747 2125 3817 rant),
2169 3746 2405 3802 libenter
2440 3748 2590 3803 illum
2630 3749 2858 3819 accepit,
2879 3764 3204 3817 summoque
3231 3753 3440 3808 honore
3474 3762 3533 3807 et

1956 3850 2124 3923 gratia
2165 3851 2419 3922 dignatus
2452 3861 2555 3908 est.
2605 3852 2812 3909 Deinde
2851 3856 3110 3933 quoniam
3140 3857 3529 3929 Adrianopolis

1955 3941 2258 3997 invadenda
2292 3957 2405 3998 non
2450 3942 2758 4009 videbatur,
2810 3943 3025 4016 Bizyam
3080 3946 3269 4013 movit,
3308 3964 3532 4020 agrum-

1954 4048 2061 4103 que
2119 4034 2375 4092 vastavit.
2436 4032 2731 4106 Legationc
2787 4037 3079 4108 porrogad
3125 4039 3273 4095 cives
3336 4042 3526 4109 inissa,

1956 4125 2206 4181 hortatus
2255 4136 2339 4182 est
2377 4143 2496 4193 eos,
2527 4129 2604 4185 uti
2643 4144 2763 4184 sese
2810 4128 3096 4197 dederent,
3136 4146 3276 4187 neve
3307 4144 3529 4204 propter

1954 4217 2168 4273 inanem
2204 4216 2365 4289 spem'
2400 4228 2549 4275 tanta
2596 4218 3100 4290 agris'detrlmenta
3133 4222 3323 4279 inferri
3357 4224 3528 4281 susti-

1953 4318 2153 4365 nerent
2186 4325 2201 4364 :
2235 4325 2302 4366 eo
2355 4310 2503 4367 enim
2549 4313 2893 4382 compulsum
2937 4312 3027 4381 iri,
3077 4323 3135 4368 ut
3178 4314 3342 4370 etiam
3400 4326 3529 4388 post

1951 4400 2311 4456 vastationem
2353 4414 2414 4457 se
2460 4400 2743 4458 dederent.
2782 4402 3073 4474 Bizyenses
3120 4420 3300 4479 neque
3339 4424 3399 4465 se
3432 4424 3527 4464 ur-

1950 4492 2076 4547 bem
2131 4481 2432 4549 dedituros.
2475 4493 2787 4565 spondere,
2857 4510 3034 4565 neque
3086 4497 3155 4552 ad
3225 4501 3528 4557 solemnem

1949 4582 2340 4653 impudentiam
2376 4592 2432 4641 et
2467 4583 2824 4641 contumelias
2848 4583 3142 4655 confugere
3182 4626 3197 4651 ,
3241 4586 3338 4640 sed
3378 4587 3529 4658 lega-

1950 4668 2154 4729 tionem
2183 4674 2415 4730 honeste
2464 4673 2818 4745 modesteQne
2848 4675 3096 4743 reiicere.
3141 4675 3313 4731 Ratus
3340 4688 3524 4734 autem

1947 4765 2248 4833 imperator
2312 4763 2645 4837 agnitionem
2694 4767 2947 4822 beneﬁcii
2992 4760 3320 4839 principium
3375 4769 3527 4825 dedi-

1950 4866 2113 4927 tionis
2167 4867 2283 4923 tore
2312 4868 2661 4938 (observabat
2695 4871 2844 4925 enim
2882 4881 3106 4942 propter
3139 4873 3523 4929 assiduitatem

1948 4960 2324 5023 incursionem
2354 4963 2814 5033 vcxationumque
2875 4966 3132 5036 paulatim
3163 4980 3260 5022 eos
3291 4966 3361 5022 de
3397 4982 3523 5037 per-

1947 5051 2146 5105 tinacia
2182 5050 2460 5106 remittere
2497 5066 2562 5108 ac
2604 5052 3168 5122 cedere).exercitum
3212 5071 3375 5126 quam
3413 5073 3511 5114 ce-

1946 5142 2165 5198 lerrime
2222 5142 2625 5200 removendum
2684 5148 2946 5211 censuit.
3012 5154 3072 5201 ut
3129 5162 3307 5218 neque
3370 5150 3523 5217 regio

1944 5243 2273 5301 vastaretur,
2303 5236 2467 5306 paulo
2499 5247 2622 5307 post
2657 5238 2711 5293 in
2756 5253 2911 5294 suam
2936 5238 3196 5295 ditionem
3246 5249 3476 5295 ventura
3503 5283 3520 5306 ,

1946 5335 2004 5381 et
2060 5326 2164 5397 ipsi
2214 5326 2565 5383 securitatem
2602 5328 2808 5398 adepti,
2856 5328 3097 5385 salubria
3145 5330 3250 5386 sibi
3290 5334 3521 5411 medita-

1952 5428 2161 5485 rentur,
2194 5428 2247 5475 et
2283 5418 2462 5489 Apros
2500 5422 2746 5489 revertit.

271 5508 490 5578 φρόνως
531 5511 842 5610 ἀπείπαντο
886 5516 983 5589 τὴν
1027 5519 1349 5589 πρεσϐείαν.
1408 5524 1663 5595 Νομίσας
1698 5528 1757 5583 δέ
1814 5535 1844 5587 ὁ
1884 5532 2141 5606 βασιλεὺς
2170 5532 2349 5603 ἀρχὴν
2416 5533 2866 5604 προσχωρήσεως
2906 5528 3170 5606 εἶναιτὴν
3238 5536 3519 5610 εὐγνωμο-

276 5605 490 5705 σύνην..
520 5604 774 5679 συνεώρα
849 5611 960 5683 γὰρ
999 5612 1380 5680 ὑπενδιδόντας
1441 5617 1581 5690 πρὸς
1650 5623 1753 5688 τὰς
1827 5604 2075 5698 συνεχεῖς
2132 5625 2357 5695 ἐφόδους
2414 5628 2512 5682 καὶ
2584 5625 2684 5697 τὴν
2749 5627 3015 5695 κάκωσιν,
3064 5604 3205 5699 ἔγνω
3254 5604 3365 5688 δείν
3416 5604 3524 5705 τὴν.

274 5698 536 5769 στρατιὰν
556 5700 793 5771 ἀπάγειν
846 5704 946 5776 τὴν
995 5709 1281 5780 ταχίστην,
1316 5710 1404 5764 ἵνα
1446 5713 1584 5782 μήτε
1624 5714 1656 5784 ἡ
1690 5715 1846 5788 χώρα
1882 5718 2268 5789 διαφθείροιτο,
2291 5718 2563 5788 μέλλουσα
2592 5718 2839 5788 γίνεσθαι
2902 5719 3021 5791 μετ’
3051 5720 3228 5793 ὀλίγον
3267 5722 3360 5777 ὐπ’
3415 5698 3499 5783 ait.

196 5834 223 5845 η
273 5793 391 5860 τὸν,
425 5795 584 5852 αὐτοί
620 5813 683 5852 τε
743 5799 1003 5871 τυχόντες
1050 5801 1255 5869 ἀδείας,
1311 5806 1382 5860 τά
1409 5805 1598 5863 δέοντα
1630 5810 2012 5880 βουλεύσαιντο
2057 5814 2184 5884 περὶ
2218 5812 2387 5882 σφῶν,
2418 5814 2511 5867 καῖ.
2533 5812 2866 5884 ἀνέστρεφεν
2898 5814 2976 5879 είς
3014 5800 3265 5888 Ἀπρῶνζ,
