3964 6546
218 391 354 459 ιιειι

1338 395 1894 460 HISTORIARUM
1937 397 2178 462 LIBER
2218 401 2338 464 III.

3332 401 3485 471 1182

215 509 468 578 σαρκίας,
531 505 712 562 ἔπειθε
753 508 1008 579 μεγάλοις
1042 510 1255 582 μισθοῖς
1308 513 1791 584 ἐπαγγελλόμενον

1905 515 2218 574 Collocutus
2258 519 2423 589 igitur
2477 533 2606 573 cum
2655 519 2893 589 quodam
2955 517 3189 584 medico,
3258 519 3349 588 qui
3409 537 3476 575 ex

213 599 310 654 καὶ
357 598 541 664 αὐτὸν,
594 599 850 661 εὐσταλὲς
881 600 941 653 τὸ
983 601 1141 671 σῶμα
1179 603 1275 655 καὶ
1326 603 1643 673 σύμμετρόν
1670 621 1794 657 .τισι

213 692 460 759 ποιήσειν
493 691 888 761 φαρμακείαις,
941 695 1036 747 καὶ
1068 692 1130 763 δὴ
1166 693 1333 748 τᾶλλα
1361 694 1539 748 πάντα
1566 694 1796 765 δεύτερα

208 781 538 848 ἡγούμενος,
574 783 822 852 λουτροῖς
848 784 1108 855 ἐσχόλαζε
1137 787 1232 839 καὶ
1259 786 1477 856 ἐμέτοις
1505 787 1599 841 καὶ
1629 786 1797 840 κενώο

212 889 332 925 σεσι
392 874 628 945 γαστρξς
693 868 838 949 ᾗτῷ
903 875 1073 947 ἰατρῷ
1133 877 1326 942 ἐδόκει,
1383 878 1681 952 ὁλιγοσιτίᾳ
1736 897 1794 933 τε

212 967 506 1036 προσεῖχε,
549 967 643 1018 καὶ
701 965 868 1020 τᾶλλα
905 968 1081 1024 πάντα
1112 968 1461 1040 ἐπετήδευεν,
1504 971 1607 1026 ὅσα
1657 971 1796 1042 πρὸς

210 1053 517 1126 λεπτότητα
553 1057 891 1126 συναίρεται.
925 1057 1016 1122 Ἐξ
1048 1053 1122 1112 ὧν
1154 1060 1334 1130 ἠτόνει
1368 1061 1465 1131 μὲν
1497 1063 1593 1116 καὶ
1625 1063 1795 1132 ἀδρα-

211 1147 308 1214 νὴς
338 1143 427 1216 ἦν,
457 1148 552 1200 καὶ
582 1149 884 1218 παρελύετο
911 1151 1008 1220 τὴν
1045 1152 1257 1224 ῥώμην,
1289 1154 1321 1222 ἡ
1355 1154 1570 1225 γαστὴρ
1602 1155 1659 1208 δὲ
1685 1155 1792 1209 ὀλί-

211 1253 286 1301 γα
318 1238 454 1306 πρὸς
484 1240 574 1292 τὸν
599 1239 764 1308 ὄγκον
788 1241 1042 1294 ἐνεδίδου.
1063 1243 1456 1316 Ὑποπτεύσας.
1477 1243 1533 1298 δὲ
1567 1248 1592 1299 ὁ
1621 1246 1797 1316 μέγας

210 1327 357 1390 δούξ,
382 1328 456 1390 ὡς
485 1327 710 1400 ὕστερόν
751 1349 878 1384 ποτε
919 1333 1308 1400 ἀπαγορεύσας
1347 1335 1484 1407 πρὸς
1515 1337 1614 1399 τὰς
1661 1355 1800 1408 φαρ-

216 1418 456 1483 μακείας
496 1421 704 1473 εἵσεται
741 1421 925 1490 σαφῶς
971 1423 1071 1493 τὴν
1107 1423 1390 1492 εἰρωνείαν
1416 1466 1431 1491 ,
1486 1428 1579 1479 καὶ
1617 1427 1798 1491 δείσας

216 1508 296 1579 μὴ
328 1509 416 1564 διὰ
443 1511 503 1563 τὸ
532 1513 888 1583 περιορᾶσθαι
918 1515 1055 1583 πρὸς
1083 1517 1173 1568 τὸν
1208 1517 1328 1569 κατ’
1357 1517 1523 1571 αὐτοῦ
1561 1519 1796 1588 πόλεμον

213 1599 369 1666 αὖθις
400 1605 648 1674 ἐκτραπῇ
679 1607 772 1658 καὶ
802 1606 964 1676 πείσῃ
999 1608 1252 1677 βασιλίδα
1286 1608 1798 1676 τίθεσθαιισπονδάς

213 1697 355 1765 πρὸς
403 1698 858 1772 Καντακουξηνδν
902 1701 993 1752 τὸν
1032 1699 1257 1770 βασιλέα
1317 1702 1449 1770 περὶ
1490 1702 1798 1776 εἰρήνης,τὸ

212 1787 322 1839 τῶν
352 1789 617 1842 κινδύνων
650 1790 798 1859 αὐτῷ
831 1793 858 1842 ὁ
889 1789 1268 1861 φοϐερώτατος
1301 1793 1501 1859 ἐδόκει,
1529 1792 1798 1863 ἐσκέψατο

211 1877 401 1946 τρόπῳ
416 1878 480 1948 δή
507 1896 614 1932 τινι
642 1879 983 1952 διαφθείρειν
1007 1881 1100 1935 καὶ
1121 1883 1284 1936 αὐτόν
1303 1899 1318 1915 ·
1357 1885 1451 1937 καὶ
1477 1885 1586 1937 τῶν
1617 1903 1798 1938 συνει-

212 1967 382 2020 δότων
411 1969 477 2022 τὰ
507 1971 796 2040 ἀπόρρητα
833 1973 980 2042 αὐτῷ
1009 1990 1163 2036 τινας
1189 1975 1546 2044 προσέπεμπε
1568 1975 1798 2044 μηνύον-

212 2077 313 2122 τας
338 2060 404 2112 δι’
429 2061 645 2114 εὔνοιαν
679 2063 840 2132 δῆθεν
872 2065 947 2134 τῷ
974 2065 1198 2135 μεγάλῳ
1219 2064 1502 2138 λογοθέτῃ,
1527 2068 1608 2119 ὅτι
1642 2067 1708 2136 βα
1721 2084 1798 2118 σι-

227 2153 313 2213 λὶς
344 2151 576 2223 μάλιστα
594 2153 874 2224 ὀργίζοιτο
910 2155 1082 2225 αὐτῷ,
1115 2157 1214 2224 τὴν
1239 2157 1295 2208 δέ
1334 2157 1512 2210 αἰτίαν
1547 2158 1793 2225 ἀγιοεῖν·

213 2241 265 2294 οἳ
296 2243 388 2294 καὶ
407 2239 634 2328 τοιαῦτα
670 2245 1179 2315 προσαγγέλλοντες
1210 2246 1526 2316 ἐξεφόὸουν.
1565 2248 1797 2302 Ἔπειτα

216 2338 316 2388 καὶ
340 2336 536 2406 ὅρκους
566 2335 794 2407 ᾐτοῦντο
828 2336 986 2406 δῆθεν
1023 2338 1164 2408 ὑπὲρ
1201 2340 1292 2391 τοῦ
1326 2338 1526 2409 μηθενὶ
1554 2340 1796 2411 καταδήο

216 2428 343 2491 λους
375 2429 550 2479 ποιεῖν
586 2427 714 2490 τούς
755 2428 824 2480 τὰ
871 2429 1166 2499 ἀπόρρητα
1223 2429 1590 2500 μηνύσαντας.
1641 2430 1797 2484 Οὕτω

220 2523 320 2590 μὲν
351 2516 443 2573 οὖν
499 2521 696 2572 ἐκεῖνοι
741 2507 1118 2589 ἐκακούργουν
1151 2519 1248 2592 τὴν
1283 2524 1678 2593 πεπλασμένην
1705 2523 1799 2594 δή-

217 2611 384 2664 λωσιν
414 2612 523 2665 τῶν
554 2612 904 2683 ἀπορρήτων.
948 2611 1197 2675 Γαϐαλᾶς
1243 2613 1300 2665 δὲ
1363 2614 1608 2684 οἰόμενος
1656 2609 1797 2668 εἶναι

217 2703 400 2774 ἀληθῆ
423 2706 490 2757 τὰ.
521 2704 812 2775 εἰρημένα,
855 2704 1195 2774 πανταχόθεν
1223 2705 1555 2776 ἐκυμαίνετο
1581 2707 1675 2760 καὶ
1699 2724 1796 2760 πε-

225 2795 524 2865 ριηντλείτο
555 2795 858 2866 λογισμοῖς,
897 2797 992 2849 καί
1027 2797 1254 2860 σύννους
1289 2799 1384 2850 καὶ
1429 2796 1607 2868 ὠχρὸς
1639 2798 1798 2866 ἐφαί-

166 2943 171 2948 ,
218 2909 360 2962 νετο,
390 2893 484 2945 καί
512 2895 629 2954 ταῖς
648 2891 892 2962 φροντίσι
915 2892 1280 2961 συντετηκὼς.
1301 2892 1439 2958 Δούξ
1470 2892 1526 2946 δὲ
1551 2894 1578 2946 ὁ
1604 2894 1797 2963 μέγας,

220 2983 331 3036 τῶν
383 2984 772 3055 πραττομένων
812 2984 1034 3050 ἄγνοιαν
1083 2983 1555 3054 ὑποκρινόμενος,
1613 2983 1799 3054 ἠρώτα

221 3077 321 3146 τὴν
341 3076 519 3129 αἰτίαν
546 3077 644 3145 τῆς
677 3077 926 3140 συννοίας
953 3077 1049 3128 καὶ
1074 3075 1176 3143 τῆς
1233 3075 1577 3146 ώχριάσεως.
1623 3077 1692 3139 Ὀ,
1721 3077 1797 3144 δέ,
1830 3079 1833 3081 ’

1897 610 2050 664 Italia
2107 625 2276 679 nuper
2321 618 2563 676 venerat,
2590 611 2657 666 de
2713 611 2815 667 ista
2863 610 3226 681 corpulentia.
3265 611 3474 681 ingenti

1896 701 2156 758 mercede
2200 717 2324 756 eum
2363 701 2642 766 demulsit,
2670 711 2726 756 et
2769 702 2816 758 is
2866 717 2925 772 se
2959 717 3162 771 corpus
3195 701 3312 770 ejus
3351 701 3475 772 qui-

1894 794 2124 849 busdam
2173 793 2457 849 medicinis
2499 793 2566 848 ad
2596 794 2844 849 decorem
2892 805 2945 848 et
2978 793 3330 864 gracilitatem
3367 799 3478 846 tra-

1897 888 2187 943 ducturum
2240 887 2552 957 sp0poudit.
2583 887 2702 940 Mox
2733 885 3061 955 posthabitis
3104 885 3380 948 omnibus,
3408 884 3475 938 ad

1898 981 2276 1050 praescriptum
2327 979 2523 1034 medici
2563 957 2794 1042 balneis,
2824 977 3236 1037 vomitionibus.
3261 975 3474 1030 crebris

1899 1073 2002 1128 alvi
2033 1071 2382 1127 ductionibus
2421 1071 2515 1125 dat
2565 1085 2808 1140 Operam,
2852 1084 3044 1140 parum
3084 1069 3193 1122 cibi
3219 1077 3273 1122 et
3300 1067 3476 1137 potio-

1898 1164 1988 1220 nis
2029 1163 2270 1231 adhibet,
2327 1170 2629 1231 caulemque
2680 1152 2861 1215 omnia
2927 1161 2995 1215 ad
3045 1159 3293 1230 corporis
3327 1170 3482 1214 exte-

1897 1255 2218 1310 nuationem
2275 1253 2510 1309 valentia
2576 1251 2766 1308 sedulo
2821 1261 3068 1320 usurpat.
3132 1251 3211 1304 Ex
3281 1250 3479 1319 quibus

1897 1348 2144 1420 languor,
2169 1346 2531 1409 imbecillitas,
2553 1359 2960 1412 nervorumque
2993 1343 3277 1397 dissolutio
3335 1340 3480 1395 exsi-

1900 1440 2097 1504 stebat,
2122 1446 2178 1513 at
2208 1437 2412 1492 ventris
2446 1436 2617 1489 moles
2647 1450 2833 1504 parum
2859 1433 3303 1488 imminuebatur.
3331 1430 3480 1485 Veri-

1902 1540 1989 1586 tus
2041 1540 2224 1584 autem
2272 1543 2502 1600 magnus
2567 1528 2698 1591 dux,
2757 1542 2827 1580 ne
2885 1526 3100 1581 tandem
3168 1521 3479 1594 pharmacis

1902 1621 2254 1690 defatigatus,
2301 1618 2558 1673 technam
2607 1615 2948 1686 perspiceret
2988 1632 3003 1669 :
3041 1624 3100 1668 et
3148 1614 3346 1667 timens
3384 1627 3476 1678 ne,

1901 1713 2028 1782 quia
2061 1720 2410 1780 contemptus
2444 1718 2607 1770 esset,
2651 1721 2844 1762 rursus
2895 1720 3046 1759 arma
3081 1711 3271 1759 contra
3300 1704 3477 1772 ipsum

1899 1804 2094 1866 ferret,
2134 1811 2298 1872 atque
2340 1799 2746 1869 imperatricem
2784 1797 2853 1853 ad
2891 1797 3070 1851 fmdus
3119 1811 3244 1850 cum
3275 1792 3480 1848 Canta-

1901 1909 2107 1951 cuzeno
2136 1892 2465 1962 patrandum
2505 1890 2830 1961 impelleret,
2861 1902 2970 1956 quo
3019 1887 3228 1941 nullum
3262 1885 3480 1962 pericu-

1898 1988 2009 2042 lum
2048 1985 2348 2055 impensius
2375 1983 2669 2046 metuebat,
2697 1981 2844 2036 illius
2871 1995 3089 2049 quoque
3113 1957 3487 2033 interficiendi

1895 2079 2164 2134 rationem
2215 2073 2565 2146 excogitavit.
2592 2073 2726 2128 Nam
2759 2071 3028 2141 quosdam
3054 2070 3154 2124 sibi
3191 2085 3221 2124 a
3253 2070 3482 2124 secretis

1898 2171 2070 2234 misit,
2111 2168 2228 2238 qui,
2286 2177 2344 2221 ut
2396 2180 2594 2237 magno
2649 2161 3254 2238 logotbetze,benevolo
3297 2161 3482 2216 animo

1897 2259 2232 2322 indicarent,
2259 2236 2554 2327 Augustam
2592 2254 2640 2309 ei
2687 2253 2880 2308 iratam
2921 2266 3044 2308 esse
3084 2236 3477 2305 vehementer:

1899 2365 2118 2407 causam
2145 2365 2204 2404 se
2231 2349 2462 2403 nescire.
2489 2347 2713 2401 Talibus
2741 2345 2954 2401 nuntiis
2989 2343 3268 2398 hominem
3296 2351 3482 2398 exter-.-

1898 2447 2112 2501 rebant.
2166 2442 2374 2498 Deinde
2424 2449 2478 2496 et
2518 2441 2891 2509 juramcntum
2939 2436 3253 2506 exigebant,
3284 2434 3482 2488 borum

1896 2551 2224 2596 arcanorum
2273 2535 2478 2590 indices
2519 2532 2725 2587 nemini
2776 2529 3145 2601 proditurum.
3179 2525 3273 2580 Sic
3310 2525 3484 2596 629

1901 2631 2064 2686 illi'in
2101 2625 2499 2685 eommentitiis
2546 2623 2774 2680 secretis
2813 2618 3186 2692 signiﬁcandis
3234 2632 3293 2680 se
3324 2617 3483 2671 mali-

1903 2722 2043 2778 tiose
2095 2719 2377 2792 gerebant.
2410 2715 2643 2771 Gabalas
2693 2705 3038 2768 mendacium
3084 2707 3312 2764 minime
3337 2706 3483 2762 olla-

1901 2816 2077 2877 ciens,
2113 2812 2358 2880 undique
2407 2807 2800 2879 cogitationum
2852 2801 3112 2858 ﬂuctibus
3155 2798 3491 2870 jactabatur,

1901 2901 2349 2961 meditabundus,
2414 2897 2645 2967 pallidus
2713 2902 2770 2947 et
2849 2907 2960 2962 ptas
3027 2887 3488 2944 sollicitudinibus

1903 2994 2315 3052 eontabescens.
2342 2989 2566 3059 Magnus
2588 2993 2769 3041 autem
2799 2984 2930 3049 dux,
2952 2982 3031 3036 rei
3070 2989 3236 3051 gestae
3267 2980 3486 3048 ignora-

1905 3088 2108 3142 tionem
2165 3099 2279 3154 prae
2342 3097 2401 3136 se
2439 3080 2644 3142 ferens,
2696 3074 2936 3130 tristitia:
2976 3081 3030 3126 et
3059 3070 3282 3142 palloris
3320 3070 3488 3140 hujus

219 3158 373 3222 οὐδέν
400 3168 775 3232 ὑπωπτευκὼς
804 3169 933 3237 περί
954 3167 1167 3220 ἐκείνου
1223 3168 1470 3236 φαῦλον,·
1489 3162 1576 3221 οἷα
1604 3167 1667 3237 δὴ
1697 3184 1792 3237 κη-

1905 3193 2125 3233 causarn
2181 3173 2529 3243 exquirebat.
2579 3169 2718 3224 Tum
2767 3166 3001 3224 Gabalas
3063 3163 3315 3221 candide.
3361 3170 3486 3214 tan-

220 3260 380 3330 ὃεστῇ
403 3261 502 3313 καῖ’
518 3259 817 3329 ἀλγήσαντι
844 3261 983 3330 ὑπὲρ
1009 3259 1239 3326 ἐκείνου,
1267 3261 1372 3313 πᾶν
1396 3259 1456 3313 τὸ
1479 3260 1796 3332 ἀπόρρητον

222 3350 493 3418 ἐξέφαινε,
549 3353 645 3405 καὶ
703 3352 1022 3420 ἐπικουρίας
1054 3353 1239 3422 τυχεῖν
1273 3369 1418 3415 τινος
1470 3353 1664 3416 ἐδεῖτο,
1703 3356 1797 3406 καὶ

226 3446 451 3515 γνώμην
482 3446 848 3515 εἰσηγεῖσθαι,
956 3447 1303 3517 χρησάμενος
1338 3445 1442 3510 ἔξω
1493 3445 1646 3500 ἔσται
1692 3447 1800 3498 τῶν

224 3537 504 3592 κινδύνων.
540 3538 702 3590 Οὐδὲν
735 3537 840 3608 γὰρ
867 3533 932 3609 ἦν
973 3539 1034 3590 τὸ
1065 3521 1354 3606 μέσον’τού
1387 3526 1798 3605 ὑποτέτευθῆναι

225 3631 345 3682 τότε
368 3631 460 3682 καὶ
483 3630 871 3700 διαφθαρῆναι.
926 3629 1064 3695 Δούξ
1093 3631 1150 3683 δὲ
1201 3630 1228 3682 ὁ
1266 3631 1437 3698 μέγας
1464 3629 1674 3698 ἔφασκε
1702 3629 1800 3697 μὲν

226 3722 448 3776 τοιαῦτα
476 3723 569 3776 καὶ
600 3723 764 3786 αὐτὸς
797 3721 1096 3791 ἀκηκοέναι
1151 3723 1280 3790 περὶ
1314 3721 1502 3786 αὐτοῦ,
1546 3719 1801 3789 ἡγεῖσθαι

227 3813 284 3866 δὲ
332 3815 407 3884 μὴ
453 3813 650 3882 ἀληθῆ,
696 3814 844 3882 ὅμως
869 3813 1112 3866 ὑπετίθει
1161 3814 1258 3882 τὴν
1281 3814 1468 3866 οὐσίαν
1504 3814 1654 3883 παρά
1682 3814 1796 3871 τοῖς

229 3905 401 3973 φίλοις
429 3905 717 3982 ἐκτιθέναι.
755 3906 864 3972 Τὴν
896 3904 1002 3975 γὰρ
1035 3905 1458 3974 πολιτευομένην
1499 3905 1618 3957 νυνί
1649 3916 1804 3973 ’παρα

241 3995 528 4066 Ῥωμαίοις
557 3997 762 4064 ἔφασκε
789 3996 1153 4064 συκοφαντίαν
1186 3999 1279 4050 καὶ
1312 3997 1590 4066 διαϐολὴν,
1622 3996 1801 4049 πάντα

229 4087 466 4140 ὁντινοῦν
510 4086 869 4155 φυλάττεσθαι
926 4089 1126 4158 χρεών.
1184 4087 1294 4142 Καὶ
1347 4087 1455 4159 γὰρ
1502 4087 1666 4152 αὐτὸς
1695 4087 1804 4140 τῶν

230 4180 422 4232 κοινῶν
457 4179 708 4233 ἁπάντων
738 4179 943 4250 ἄρχων,
975 4181 1067 4232 καὶ
1097 4182 1193 4248 τῆς
1217 4180 1440 4249 πρώτης
1474 4180 1626 4248 παρά
1664 4179 1799 4232 Ῥω-

235 4272 413 4340 μαίοις
436 4269 726 4324 ἀπολαύων
742 4271 916 4340 ’τιμῆς
957 4274 1050 4324 καὶ
1083 4271 1410 4342 εὐπραγίας,
1444 4271 1506 4324 οὐ
1563 4270 1800 4341 μάλιστα

233 4364 413 4423 αὐτοῖς
449 4363 694 4434 θαρρεῖν,
745 4363 878 4416 ἀλλά
911 4366 977 4417 τὰ
1022 4363 1190 4417 πλείω
1240 4364 1331 4416 καὶ
1371 4363 1806 4432 πολυτελέστερα

229 4455 338 4506 τῶν
367 4455 565 4516 ὄντων,
598 4455 654 4507 ἐν
689 4472 748 4507 τε
789 4456 846 4508 Ἐ
859 4455 1106 4521 πιϐἀταις
1133 4456 1208 4528 τῷ
1236 4458 1502 4527 φρουρίῳ,
1542 4457 1637 4509 καὶ
1667 4457 1808 4526 πρὸς

1900 3282 2060 3336 quam
2122 3278 2315 3319 socero
2377 3270 2432 3315 et
2484 3259 2657 3312 vicem
2696 3271 2848 3312 suam
2901 3255 3156 3316 dolituro,
3199 3266 3486 3315 arcanum,

1903 3368 1962 3412 ut
2012 3367 2152 3421 erat,
2186 3361 2415 3418 reserat,
2463 3350 2696 3421 ejusque
2731 3343 2890 3418 opem
2925 3347 3162 3415 aliquam
3213 3353 3267 3398 et
3295 3343 3486 3398 consi-

1904 3450 2042 3502 lium
2086 3446 2365 3516 implorat,
2399 3458 2508 3513 quo
2559 3457 2692 3496 usus
2732 3439 3022 3496 discrimen
3078 3437 3310 3501 evadat;
3359 3451 3488 3488 nam

1904 3549 2034 3594 tunc
2089 3530 2232 3592 inter
2279 3544 2592 3604 suspectum
2644 3548 2764 3588 esse
2804 3542 2858 3587 et
2920 3529 3156 3601 iugulari
3190 3528 3329 3582 nihil
3357 3536 3480 3582 erat

1904 3633 2173 3688 medium.
2219 3629 2317 3682 llic
2361 3641 2596 3696 magnus
2639 3627 2770 3688 dux,
2797 3640 2856 3678 se
2899 3637 3120 3692 quoque
3151 3621 3266 3676 haec
3289 3620 3358 3675 de
3395 3620 3490 3673 illo

1903 3721 2214 3784 audivisse;
2251 3727 2446 3787 putare
2477 3728 2661 3772 tamen
2698 3731 2834 3770 vera
2886 3731 2995 3769 non
3031 3729 3172 3768 esse.
3201 3711 3492 3766 Nihilomi-

1906 3828 2011 3867 nus
2044 3812 2123 3866 uti
2151 3809 2440 3864 facultates
2467 3823 2594 3862 suas
2614 3805 2804 3859 amicis
2836 3804 3212 3868 concrederet,
3241 3815 3488 3856 monere.

1906 3901 2039 3966 Quae
2079 3899 2227 3954 enim
2261 3912 2410 3952 nunc
2452 3895 2594 3965 apud
2650 3895 2926 3949 Romanos
2979 3906 3203 3962 regnum
3240 3895 3501 3944 tenerent-

1908 3989 2263 4064 syCopliantia
2290 3998 2346 4043 et
2375 3986 2672 4049 calumnia,
2697 3999 2791 4040 eas
2825 3998 3020 4038 cavere
3043 3995 3490 4052 unumquemque

1910 4065 2187 4154 Oportere.
2225 4081 2361 4136 Nam
2418 4089 2474 4136 et
2530 4094 2627 4143 se,
2659 4080 2822 4132 totius
2864 4075 3172 4145 reipublicae
3219 4083 3382 4143 caput
3423 4087 3490 4126 ac

1909 4173 2214 4245 principem
2245 4209 2260 4235 ,
2297 4168 2706 4236 honoribusque
2734 4181 2798 4220 ac
2827 4164 3084 4220 felicitate
3113 4162 3252 4216 inter
3286 4161 3490 4216 Roma-

1909 4282 2010 4320 nos
2037 4265 2390 4335 praecipuum,
2419 4262 2737 4329 neutiquam
2763 4258 2872 4312 illis
2903 4256 3090 4320 ﬁdere,
3115 4255 3207 4310 sed
3230 4255 3490 4322 majorem

1910 4372 1974 4412 ac
2015 4356 2388 4427 pretiosiorem
2421 4364 2638 4424 partem
2689 4367 2870 4406 rerum
2907 4364 3131 4406 suarum
3168 4347 3405 4418 Epibatis
3437 4346 3493 4400 in

1911 4446 2158 4508 castello;
2184 4455 2238 4500 et
2265 4460 2388 4500 arce
2420 4444 2473 4497 in
2508 4443 2788 4512 Manganis
2815 4441 3203 4496 recondidisse.
3235 4439 3339 4508 Ipsi
3363 4454 3494 4503 vero

231 4547 309 4616 τῷ
338 4549 394 4600 ἐν
445 4547 759 4615 Μαγκάνοις
811 4548 1006 4616 πύργῳ
1043 4548 1203 4616 ἔχειν.
1251 4549 1425 4601 nam
1459 4549 1516 4601 δὲ
1567 4549 1691 4601 ἐπεὶ
1731 4550 1801 4617 μὴ

1916 4537 2175 4608 quoniam
2209 4536 2434 4592 castello
2464 4544 2700 4598 careret,
2741 4550 2854 4608 quo.
2885 4533 2943 4588 in
2975 4533 3282 4589 istiusmodi
3309 4546 3494 4586 rerum

234 4640 474 4711 συμϐαίη
505 4639 761 4711 φρούριόν
795 4657 846 4692 τι
870 4639 1032 4708 ἔχειν,
1059 4634 1101 4706 ᾧ
1137 4640 1409 4708 χρήσαιτο
1440 4639 1575 4709 πρὸς
1626 4637 1812 4692 τοιαύ-

230 4748 327 4795 τας
364 4732 474 4785 τῶν
524 4732 864 4802 πραγμάτων
901 4730 1223 4799 μεταϐολὰς,
1265 4729 1439 4800 ἑτέρῳ
1471 4731 1659 4800 τρόπῳ
1705 4729 1813 4782 τινί

231 4825 328 4894 τῆς
353 4823 540 4886 οὐσίας
563 4859 566 4862 -
587 4823 850 4892 προνοεῖν.
884 4821 949 4874 ἶν’
998 4821 1051 4874 εί
1079 4838 1133 4874 τι
1161 4821 1406 4890 συμϐαίη
1437 4819 1723 4889 δυσχερὲς,
1748 4819 1811 4872 οὐ

235 4914 344 4982 γὰρ
375 4913 551 4982 μάτην
603 4912 754 4982 παρά
784 4911 1054 4982 βασιλίδος
1085 4909 1513 4974 ὑποπτεύεσθαι,
1550 4912 1648 4978 τὴν
1677 4910 1809 4978 γοῦν

233 5003 418 5056 οὐσίαν
450 5003 569 5077 ἔχη,
603 5005 694 5055 καὶ
757 5003 832 5074 μὴ
877 5003 1208 5074 ἀμφοτέρων
1246 5001 1434 5064 οὐσίας
1469 5018 1528 5054 τε
1567 5001 1684 5070 ἅμα
1717 5003 1813 5054 καὶ

233 5094 406 5163 ἀρχῆς
436 5093 544 5145 τῶν
595 5093 935 5162 πραγμάτων
991 5091 1366 5163 ἀποστερηθῇ.
1441 5093 1500 5144 '0
1561 5092 1660 5162 μὲν
1716 5091 1812 5144 οὖν

232 5185 458 5239 τοιαῦτα
481 5184 854 5238 συνεϐούλευε.
883 5184 1186 5255 Λογοθέτης
1210 5185 1264 5237 δὲ
1296 5186 1324 5236 ὁ
1368 5184 1542 5252 μέγας
1568 5183 1668 5255 τὴν
1691 5184 1816 5236 ἐπι-

234 5276 432 5345 ϐουλὴν
488 5276 560 5345 μὴ
601 5274 847 5338 συνιδὼν,
881 5273 1128 5327 ἐπείθετό
1162 5289 1244 5337 τε,
1283 5271 1472 5326 καὶτά
1499 5271 1628 5324 ὄντα
1671 5269 1811 5339 πρὸς

233 5357 362 5430 τοὺς
389 5366 576 5435 φίλους
601 5365 850 5430 ἐξετίθει.
897 5363 956 5418 ⁸0
980 5363 1024 5418 δ’
1054 5364 1255 5418 αὐτίκα
1293 5363 1656 5436 προσέπεμπε
1685 5362 1813 5425 τοὺς

235 5458 468 5529 βασιλίδι
521 5458 588 5512 τὰ
636 5458 982 5526 πραττόμενα
1017 5455 1380 5525 μηνύσοντας,
1419 5456 1494 5518 ὡς
1525 5453 1690 5508 αὐτοῦ
1731 5453 1809 5524 μὴ

237 5551 559 5612 συνειδότος.
610 5549 907 5620 ’Παρῄνουν
960 5565 1019 5602 τε
1051 5549 1102 5600 οἱ
1154 5549 1675 5618 προσαγγέλλοντες,
1735 5546 1811 5617 μὴ

234 5641 463 5693 τοιαῦτα
492 5641 784 5710 περιορᾷν·
817 5640 876 5692 οὐ
906 5638 1014 5708 γὰρ
1042 5639 1126 5690 ἐπ’
1155 5639 1347 5709 ἀγαθῷ
1373 5640 1472 5710 τὴν
1499 5639 1690 5693 οὐσίαν
1719 5639 1810 5690 τὸν

238 5731 414 5800 μέγαν
442 5730 730 5799 λογοθέτην
775 5729 1048 5788 ἐκτιθέναι
1070 5747 1082 5760 ’
1116 5730 1230 5783 ἀλλ’
1262 5732 1294 5801 ἢ
1355 5732 1547 5784 στάσιν
1580 5731 1808 5802 βουλεύ-

239 5821 394 5875 εσθαι
450 5825 616 5874 ποιεῖν
657 5822 750 5875 ἐπὶ
783 5821 856 5892 τῷ
901 5821 1352 5894 Κανεακουξηνδν
1398 5823 1618 5893 βασιλέα
1646 5825 1801 5897 δέχε-

1917 4627 2444 4684 conmiutationibus
2470 4636 2732 4687 uteretur,
2757 4625 2860 4677 alio
2893 4621 3298 4692 quodammon
3324 4619 3495 4673 facul-

1919 4729 2058 4774 tates
2103 4734 2230 4773 suas
2279 4719 2512 4772 tuendas
2549 4734 2564 4770 :
2608 4725 2668 4768 ut
2723 4715 2764 4768 si
2793 4714 2923 4784 quid
2961 4714 3248 4768 adversum
3283 4711 3494 4765 accidat

1919 4811 2053 4882 (non
2083 4810 2228 4864 enim
2264 4809 2464 4863 frustra
2509 4806 2654 4876 apud
2701 4806 3103 4874 imperatricem
3137 4804 3190 4856 in
3221 4801 3492 4882 suspicio-

1915 4919 2039 4958 nem
2075 4901 2385 4970 cecidisse),
2421 4899 2612 4954 saltem
2673 4914 2768 4952 sua
2810 4899 3061 4962 retineat,
3100 4911 3170 4949 ne
3199 4895 3361 4948 simul
3389 4894 3496 4948 illis

1916 5005 2137 5066 tamque
2197 4996 2376 5063 amplo
2431 4991 2749 5062 magistratu
2797 4991 3061 5060 privetur.
3090 4987 3312 5059 Magnus
3337 4986 3492 5057 logo-

1919 5088 2068 5142 theta
2100 5102 2209 5140 non
2242 5084 2537 5139 intellectis
2561 5082 2780 5138 insidiis
2807 5090 2980 5152 paret,
3009 5088 3066 5134 et
3093 5079 3341 5135 fortunas
3363 5093 3492 5132 suas

1915 5180 2057 5250 apud
2086 5178 2286 5233 amicos
2325 5177 2578 5232 collocat.
2615 5175 2756 5241 Quid
2797 5174 3004 5228 multa?
3035 5171 3230 5228 Subito
3264 5186 3494 5242 magnus

1919 5273 2030 5328 dux
2073 5270 2275 5332 mittit,
2302 5269 2415 5336 qui,
2463 5268 2606 5337 quod
2643 5266 2922 5338 agebatur.
2952 5261 3305 5334 imperatrici,
3335 5261 3493 5330 quasi

1917 5379 1978 5418 se
2011 5363 2237 5417 minime
2291 5361 2534 5425 conscio,
2570 5357 2940 5428 patefacerent
2971 5373 2986 5409 :
3023 5365 3077 5409 et
3130 5352 3493 5408 hortabantur

1914 5455 2010 5526 qui
2043 5454 2390 5512 nuntiabant.
2421 5467 2489 5506 ne
2521 5466 2638 5505 rem
2666 5451 2828 5504 istam
2855 5447 3182 5518 negligeret;
3205 5457 3316 5498 non
3345 5443 3493 5498 enim
3569 5497 3572 5500 .

1918 5561 2173 5616 magnum
2227 5545 2560 5616 logothetain
2611 5541 2824 5595 sincero
2879 5538 2985 5593 line
3030 5551 3119 5592 res
3178 5548 3305 5590 suas
3345 5534 3492 5606 apud

1917 5637 2121 5690 amicos
2151 5634 2486 5702 deposuime,
2519 5631 2610 5686 sed
2644 5637 2738 5684 aut
2767 5629 3090 5684 seditionem
3123 5625 3189 5680 ad
3225 5623 3496 5679 Cantacu-

1918 5740 2114 5779 zcnum
2148 5724 2522 5793 recipiendum
2567 5719 2891 5785 machinari,
2923 5717 3015 5771 aut
3065 5715 3132 5771 ad
3168 5714 3316 5769 illum
3340 5711 3496 5784 cogi-

1919 5830 2033 5874 tare
2093 5815 2346 5872 deiicere.
2411 5811 2727 5884 Imperatr-ix
2783 5812 2922 5866 dicta
2970 5809 3309 5873 examinans,
3349 5813 3407 5858 ut
3458 5818 3499 5859 δ
