3964 6570
244 405 384 474 1185

1373 401 1917 464 IIISTORIARUM
1963 403 2196 466 LIBER
2241 403 2363 467 III.

3349 401 3380 466 -l
3395 392 3502 469 186'

1511 536 1669 607 631
1712 535 1939 591 CAPUT
1979 535 2218 592 LXXXI.

231 629 490 686 Ore/mnis
519 629 696 700 Perage
729 628 1027 700 societatem
1059 643 1170 700 prrc
1199 630 1534 698 imperatrice
1565 629 1968 700 Cantucuzenus
1991 631 2206 684 obtinet.
2235 629 2406 698 Capta
2437 631 2502 684 ab
2533 645 2592 684 eo
2641 629 2833 700 oppida
2869 631 2938 684 ad
2970 629 3216 686 Pontum.
3250 630 3489 684 Mirabile

304 697 862 770 somnium_Manuelis
912 699 1032 770 ejus
1065 698 1185 763 lilii.
1241 697 1540 769 Imperator
1589 701 1659 753 ad
1706 709 1888 770 portas
1939 699 2183 770 Byzantii
2231 697 2412 762 venit.,
2445 697 2784 770 Apocauclius
2824 717 2961 770 cum
3009 703 3192 770 paucis
3254 717 3491 756 earcasus

306 771 521 839 refugit.
560 768 782 822 Romani
817 777 866 822 et
899 765 1078 820 Persa:
1111 765 1668 842 agrum,'imperatore
1695 765 1745 822 et
1781 765 2034 824 Romanis
2064 765 2576 836 commiserantibus,
2606 765 3018 842 depovulantur.

306 906 568 968 Βασιλεὺς
591 905 645 958 δὲ
685 907 712 958 6
743 897 1204 977 Καντακουζηνὺς
1242 909 1570 978 πυθόμενος,
1607 909 1684 972 ὡς
1713 910 1802 980 βα-

1992 909 2293 980 lmperator
2327 920 2387 965 ut
2437 911 2658 966 rescivit
2708 913 3112 982 imperatriccm
3153 927 3315 966 missa
3343 913 3492 983 lega-

231 998 372 1060 σιλὶς
410 995 714 1065 πρεσϐείαν
756 999 962 1049 ποιοῖτο
1003 997 1141 1064 πρὸς
1207 998 1476 1066 Ὀρχείνην
1511 999 1605 1050 ἐπὶ
1666 1013 1807 1064 συμο

235 1087 428 1158 μαχίᾳ,
467 1086 690 1155 πέμψας
723 1086 819 1139 καὶ
879 1087 1042 1150 αὐτὸς
1071 1089 1075 1094 ’
1105 1089 1399 1157 ἔπραττεν,
1466 1088 1613 1150 ὅπως
1659 1085 1810 1157 αὑτῷ

223 1181 458 1252 μᾶλλον,
514 1183 606 1231 καὶ
651 1179 725 1250 μὴ
757 1179 1070 1244 Βυζαντίοις
1116 1179 1434 1248 πρόσθοιτο.
1490 1181 1600 1233 Καὶ
1638 1180 1810 1231 εἵλετο

241 1274 508 1344 Ὀρχάνης
551 1273 658 1343 τὴν
713 1273 854 1342 πρὸς
916 1273 1376 1344 Καντακουζηνδν
1431 1275 1521 1326 τὸν
1579 1273 1805 1343 βασιλέα

231 1366 429 1436 μᾶλλον
453 1383 515 1417 συ
526 1365 796 1435 μμαχίαν.
829 1367 938 1418 Καὶ
966 1366 1191 1434 πέμψας
1237 1365 1582 1440 Χατζ-ὴνκτδν
1613 1363 1804 1417 εὑνυῢο

227 1475 341 1529 χον,
377 1457 546 1509 ἐτέλει
578 1457 675 1520 τὰς
709 1458 967 1521 σπονδάς.
1007 1459 1198 1520 Ὀντος
1243 1457 1298 1510 δὲ
1349 1459 1410 1510 οὐ
1457 1457 1675 1527 μακρὰν
1709 1455 1846 1521 αὐο,

227 1549 342 1610 τοῦ,
385 1550 524 1603 ἀλλὰ
555 1552 654 1618 τῆς
691 1551 754 1602 ἐκ
796 1549 1178 1617 Παφλαγονίας
1208 1549 1336 1619 ἄχρι
1365 1548 1607 1620 Φρυγίας
1636 1565 1813 1618 παρα-

225 1643 344 1695 λίου
384 1641 671 1710 ἄρχοντος,
704 1641 900 1710 ῥᾳδίως
935 1643 1320 1711 μετεπέμπετο
1349 1641 1808 1708 Καντακουςηνὺς

225 1736 255 1786 6
287 1733 540 1801 βασιλεὺς
575 1733 674 1802 τὴν
707 1732 1026 1802 συμμαχίαν
1059 1734 1226 1798 ἡνίκα
1262 1732 1367 1785 ἔδει
1389 1749 1405 1762 ·
1447 1731 1476 1784 ὃ
1513 1736 1608 1787 καὶ
1643 1731 1804 1800 μάλι-

229 1842 332 1877 στα
361 1824 611 1876 ἐκάκωσε
647 1824 712 1877 τὰ
733 1825 1034 1893 πράγματα
1063 1823 1354 1892 Ῥωμαίων
1377 1839 1396 1856 ι
1424 1823 1497 1885 ὡς
1531 1821 1807 1876 ἑπιπλείον

225 1918 336 1987 γὰρ
398 1917 492 1970 καὶ
545 1917 804 1986 βασιλέως
857 1916 932 1986 μὴ
980 1917 1238 1987 δεομένου
1297 1915 1690 1986 περαιούμενοι
1754 1915 1803 1969 οἱ

223 2009 453 2078 Πέρσαι,
505 2007 600 2070 τὰς
630 2009 797 2076 μήπω
855 2007 1066 2076 βασιλεῖ
1104 2007 1582 2077 προσχωρησὰσας
1620 2007 1806 2068 πόλεις

222 2102 480 2163 ἐκάκουν,
528 2100 600 2161 ὼς
661 2099 946 2169 πολεμίας.
989 2101 1122 2152 Τότε
1161 2099 1216 2152 δὲ
1277 2102 1341 2152 ἐκ
1395 2101 1497 2168 τῆς
1566 2099 1804 2168 Ὀρχάνη

223 2192 484 2261 στρατιᾶς
525 2191 664 2259 ἔχων
721 2191 1064 2262 συμμαχίαν,
1115 2191 1236 2252 ταῖς
1273 2192 1408 2261 προς
1459 2191 1552 2243 τὴν
1598 2190 1800 2242 Πόντον

1917 1003 2066 1057 tione
2097 1003 2362 1057 Orchanis
2401 1004 2715 1058 societatem
2743 1015 3022 1074 expetere,
3058 1004 3239 1058 missis
3271 1014 3327 1059 et
3369 1005 3488 1074 ipse

1915 1094 2232 1148 oratoribus
2278 1093 2328 1148 id
2363 1094 2493 1164 egit,
2550 1101 2608 1147 ut
2662 1096 2729 1148 ad
2772 1109 2853 1158 se,
2909 1109 3017 1147 non
3076 1094 3142 1148 ad
3197 1093 3489 1165 Byzantios

1913 1185 2114 1239 auxilia
2149 1187 2411 1239 mitteret.
2438 1185 2551 1251 Qui
2585 1185 2760 1255 legato
2786 1186 2990 1239 Chatze
3014 1185 3269 1238 eunucho
3303 1184 3485 1241 ludus

1912 1293 2036 1331 cum
2071 1277 2458 1332 Cautacuzeuo
2498 1276 2639 1331 iniit.
2672 1277 2916 1345 Cumque
2969 1291 3076 1330 non
3116 1275 3277 1347 longe
3315 1276 3490 1331 dista-

1913 1376 2019 1435 ret,
2069 1371 2162 1424 sed
2208 1386 2239 1424 a
2296 1369 2664 1440 Paphlagonia
2702 1368 2974 1421 maritima
3009 1384 3184 1437 usque
3220 1369 3273 1420 in
3315 1367 3488 1439 Phry-

1912 1460 2057 1531 giam
2100 1461 2465 1530 imperitaret,
2501 1459 2658 1515 facile
2703 1458 3117 1514 Cantacuzenus
3155 1460 3372 1529 quoties
3404 1461 3488 1514 in-

1911 1553 2130 1622 digebat
2165 1554 2450 1607 Persarum
2497 1566 2718 1607 manum
2770 1552 3110 1616 accersebat,
3142 1552 3234 1620 qui
3288 1550 3490 1605 Roma-

1910 1662 2010 1702 nas
2039 1647 2295 1717 regiones
2347 1645 2683 1700 infestabant
2728 1645 3063 1715 plurimum;
3095 1659 3218 1698 nam
3266 1645 3485 1714 saepius,

1909 1739 2239 1809 imperatore
2292 1740 2456 1792 etiam
2515 1753 2626 1792 non
2675 1746 2930 1807 rogante,
2975 1736 3334 1806 trajicientes,
3366 1752 3488 1805 qua:

1907 1832 2150 1887 nondum
2180 1847 2237 1886 se
2269 1831 2592 1886 dediderant
2649 1832 2834 1897 urbes,
2869 1843 2928 1885 ut
2961 1830 3187 1884 hostiles
3222 1828 3490 1896 direptio-

1907 1923 2071 1978 nibus
2098 1922 2426 2007 allligebant.
2462 1923 2617 1976 Tunc
2647 1938 2778 1976 vero
2814 1921 3185 2003 abﬂrchanis
3229 1920 3482 1974 exercitu

1911 2016 2120 2070 habens
2155 2014 2488 2078 subsidium,
2542 2023 2732 2068 contra
2781 2013 2982 2083 oppida
3032 2013 3098 2066 ad
3133 2027 3282 2066 oram
3329 2010 3483 2064 l‘onti

1911 2105 2013 2159 sita
2048 2102 2354 2173 prolectus,
2410 2102 2595 2156 omnia
2649 2112 2848 2172 prazter
2884 2100 3194 2170 Sozopolim
3246 2099 3482 2166 subegit.

1907 2192 2066 2263 Cepit
2109 2195 2239 2248 item
2273 2192 2535 2264 oppidum
2569 2194 2624 2246 in
2666 2193 2832 2246 Derce
2865 2192 3086 2261 palude,
3113 2202 3168 2246 et
3201 2191 3485 2245 castellum

220 2284 444 2336 πόλεσιν
475 2282 900 2352 ἐπεστράτευσε,
939 2283 1035 2335 καὶ
1069 2277 1183 2336 εἷλε
1224 2282 1404 2342 πάσας
1437 2280 1580 2350 πλὴν
1626 2280 1802 2343 Σωζο-

1911 2284 2182 2355 quoddam
2239 2300 2348 2338 non
2386 2284 2578 2354 procul
2630 2283 2911 2354 Byzantio,
2949 2284 3266 2354 Empyt‘lten
3314 2298 3482 2338 voea-

223 2376 451 2436 πόλεως.
486 2370 608 2427 Είλε
656 2374 712 2426 δὲ
740 2377 831 2426 καὶ
865 2375 966 2444 τὴν
1000 2375 1058 2427 ὲν
1090 2377 1154 2444 τῇ
1197 2375 1377 2445 Δέρκῃ
1405 2376 1468 2443 τῇ
1510 2373 1671 2442 λίμνῃ
1703 2371 1802 2424 πόα

221 2465 309 2519 λιν
329 2481 343 2494 ⁸
380 2467 473 2520 καὶ
503 2467 761 2535 φρούριόν
809 2482 860 2517 τι
889 2465 1075 2535 ἕτερον
1106 2467 1166 2517 οὔ
1228 2467 1448 2535 μακρὰν
1479 2463 1799 2526 Βυζαντίου,

236 2556 574 2626 Ἐμπυρίτην
630 2557 1212 2626 προσαγορευόμενον’
1283 2551 1402 2608 εἶτα
1457 2557 1799 2625 ἀνέστρεφεν

223 2648 306 2708 είς
335 2647 430 2716 τὴν
455 2647 681 2701 οίκείαν.
725 2647 862 2699 ’Υπὸ
899 2647 956 2700 δὲ
1009 2649 1134 2710 τοὺς
1168 2647 1365 2709 αὐτοὺς
1421 2647 1668 2717 χρόνους,
1705 2645 1801 2700 καὶ

223 2739 484 2806 Μανουὴλ
537 2742 564 2792 6
618 2739 887 2810 νεώτερος
919 2739 1027 2790 τῶν
1078 2740 1347 2810 βασιλέως
1389 2741 1520 2792 υίῶν
1568 2740 1801 2810 Βερροίᾳ

223 2831 592 2904 ἐνδιατρίϐων,
629 2831 762 2898 δναρ
818 2829 1059 2899 ἔγραφεν
1111 2832 1240 2884 ίδείν
1281 2831 1554 2886 τοιοῦτον.
1593 2831 1802 2884 Ἐδόκει

224 2924 321 2975 ἐπὶ
370 2923 557 2991 κλίνης
601 2922 761 2984 αὐτὸς
801 2921 1054 2974 ἑστάναιο
1115 2922 1338 2990 βασιλέα
1372 2923 1428 2974 δὲ
1468 2923 1558 2976 τὸν
1589 2922 1802 2992 πατέρα

221 3011 480 3080 τήϐεννον
505 3011 696 3081 ἔχοντα
729 3011 823 3063 καὶ
857 3011 1060 3079 χιτῶνα
1085 3012 1496 3082 περιπόρφυρα,
1525 3011 1620 3064 καὶ
1648 3013 1800 3082 ἱερα-

224 3107 388 3160 τικὸν
413 3106 799 3176 ὲπιτραχήλιον
829 3105 1090 3175 χρυσοῦν,
1130 3105 1266 3176 πρὸς
1297 3107 1459 3160 αὐτὸν
1491 3105 1684 3170 ἐλθεῖν,
1710 3104 1802 3159 δύο

221 3199 281 3250 δὲ
315 3197 537 3268 ἑτέρους
566 3197 906 3267 ἑκατέρωθεν
931 3197 1077 3266 αὑτῷ
1101 3198 1464 3268 παρέπεσθαι,
1501 3191 1575 3250 ὧν
1607 3199 1799 3268 ἅτερος

228 3290 327 3358 μὲν
353 3289 414 3342 οὐ
449 3289 724 3360 γνώριμος
777 3285 847 3358 ἦν
875 3328 890 3353 ,
921 3284 1034 3358 εἶχε
1069 3278 1125 3341 δὲ
1159 3291 1218 3342 τὸ
1250 3290 1531 3360 προφήτου
1571 3288 1795 3342 Ἦσαῒου

226 3382 430 3453 βιϐλίον
459 3381 804 3450 ἀνεῳγμένον
830 3397 844 3412 ε
871 3382 1249 3451 Λαντζαρέτος
1287 3381 1343 3433 δὲ
1380 3382 1409 3434 6
1435 3381 1688 3449 δεύτερος
1739 3379 1800 3432 τδ

225 3473 493 3542 βασιλέως
542 3473 694 3542 ξίφος
743 3467 895 3542 εἶχεν
929 3475 986 3526 ὲν
1035 3472 1211 3543 χερσί.
1248 3473 1484 3526 Βασιλέα
1532 3473 1588 3526 δὲ
1629 3476 1800 3543 κηρὸν

221 3563 371 3634 αὐτῷ
402 3565 836 3634 παρεσχημένον,
886 3565 980 3616 καὶ
1012 3564 1282 3632 σφραγῖδα
1309 3600 1325 3627 ,
1371 3564 1538 3632 ἄμφω
1571 3563 1800 3634 ἐρυθρὰ,
1829 3614 1871 3670 c

224 3658 561 3728 Σφράγισον,
599 3657 734 3730 πρὸς
775 3657 865 3710 τὸν
927 3652 1288 3710 υίὸν“είπεῖν.
1315 3655 1419 3708 Τοῦ
1448 3656 1506 3708 δὲ
1563 3656 1799 3726 σφραγί-

225 3765 438 3811 σαντος,
469 3746 646 3811 ζῶντα
668 3748 857 3800 λέοντα
895 3746 1272 3816 ὲντυπωθῆναι
1298 3744 1376 3816 τῷ
1404 3745 1581 3816 κηρῷ,
1603 3745 1802 3815 ἄστρον

221 3839 604 3910 λαμπρότατον
635 3839 710 3910 τῷ
731 3837 890 3910 δεξιῷ
919 3839 1218 3908 κατέχοντα
1249 3837 1390 3900 ποδὶ,
1423 3839 1518 3890 καὶ
1553 3837 1688 3907 πρὸς
1726 3836 1802 3906 τῷ

221 3931 361 4000 ὤμῳ
391 3931 575 4001 ἕτερον
613 3931 808 4001 μικρὸν
836 3933 1028 4000 ἔχοντα
1059 3928 1536 3998 ἑγκεκολαμμένον
1579 3929 1800 3998 ἄστρον.
1836 3977 1840 3980 .

222 4023 458 4077 Βασιλέα
508 4024 563 4077 δὲ
602 4027 795 4087 εἰπεῖν,
852 4023 1178 4094 ’Δνάστησον
1235 4022 1428 4074 αὐτόν·
1460 4023 1802 4091 ἀναστήσαν-

224 4132 317 4179 τος
353 4116 407 4168 δὲ
457 4115 549 4167 τοῦ
597 4115 736 4179 υίοῦ,
762 4115 853 4167 τὸν
889 4115 944 4166 τὸ
973 4114 1174 4184 βιϐλίον
1219 4113 1438 4166 Ἰισαῖου
1498 4115 1800 4182 κατέχοντα

225 4207 420 4268 εἰπεῖν,
467 4223 486 4256 ι
534 4203 598 4268 ’0,
652 4205 781 4278 Θερς
839 4206 1121 4275 ὡδήγησεν
1190 4203 1354 4256 αὐτὸν
1385 4205 1444 4270 ἐξ
1497 4205 1800 4272 Αἰγύπτου,

223 4281 298 4358 ὡς
333 4295 487 4362 δόξαν
528 4295 896 4364 μονοκέρωτος
933 4295 1128 4360 αὐτοῦ,
1160 4295 1370 4347 ἔδεσθαι
1403 4295 1530 4367 ἔθνη
1589 4295 1802 4366 ἐχθρῶν

224 4387 430 4455 αὑτοῦ,
465 4388 558 4440 καὶ
599 4388 719 4449 ταῖς
765 4387 969 4456 βολίσιν
1016 4389 1197 4441 αὐτῶν
1234 4387 1646 4454 κατατοξεύσει,
1704 4389 1800 4442 καὶ

223 4482 298 4533 τὰ
332 4481 477 4550 πάχη
500 4481 680 4534 αὐτῶν
711 4481 1017 4550 ὲκμυελιεί.
1064 4481 1399 4544 Ἀνακλιθεὶς
1452 4481 1801 4536 ἀνεπαύσα.ο

223 4573 298 4633 ὡς
319 4571 472 4632 λέων,
501 4573 593 4624 καὶ
617 4571 690 4634 ὡς
721 4571 958 4640 σκύμνος
983 4587 996 4602 ·
1020 4572 1104 4633 τίς
1135 4574 1318 4642 ἐγερεῖ
1347 4573 1617 4640 αὑτόν;Οί
1649 4573 1800 4626 εὐλο-

226 4656 452 4725 γοῦντές
479 4674 535 4709 σε
565 4659 944 4727 εὐλογημένοι,
983 4659 1075 4712 καὶ
1109 4661 1158 4710 οἱ
1189 4660 1570 4730 καταρώμενοι
1611 4679 1670 4714 σε
1706 4681 1798 4714 κεο

225 4751 614 4818 κατήρανται.»
649 4749 834 4802 Ταῦτα
855 4751 911 4802 δὲ
939 4751 1114 4803 ἐδόκει
1143 4751 1220 4820 τῷ
1257 4751 1448 4822 βιϐλίῳ
1480 4754 1609 4805 ὄντα
1637 4757 1798 4821 ἐγγε-

223 4840 520 4910 γραμμένα
557 4837 972 4908 ἀναγινώσκειν.
1005 4840 1268 4902 Βασιλεὺς
1317 4839 1370 4890 δὲ
1400 4835 1556 4905 αὖθις
1588 4840 1663 4911 τῷ
1691 4840 1793 4911 υίῷ

1913 2380 2044 2435 bulo
2105 2393 2120 2438 :
2175 2379 2374 2433 deinde
2424 2378 2478 2431 in
2518 2369 2878 2446 provinciam
2931 2375 3114 2430 rediit.
3169 2374 3295 2452 Sub
3341 2373 3483 2428 idem

1913 2483 2142 2544 tempus
2181 2469 2394 2524 Manuel
2456 2469 2645 2538 junior
2696 2466 2838 2521 ﬁlius
2887 2466 3008 2536 ejus
3041 2465 3314 2519 Bcrrhma:
3365 2480 3485 2517 ma-

1912 2578 2076 2627 nens,
2124 2558 2444 2616 talevvlsum
2479 2545 2576 2628 per
2603 2575 2858 2616 somnum
2899 2559 3002 2614 sibi
3053 2559 3296 2613 oblatum
3346 2557 3486 2612 scri-

1912 2656 2045 2726 psit.
2084 2653 2388 2709 Videbatur
2419 2653 2521 2707 sibi
2559 2653 2748 2708 sedere
2775 2667 2939 2722 super
2985 2653 3183 2707 lectulo
3216 2651 3354 2720 (47),
3393 2665 3487 2719 pa-

1913 2755 2047 2800 trem
2080 2755 2262 2799 autem
2314 2755 2488 2816 togam
2523 2755 2579 2798 et
2611 2745 2852 2798 tunicam
2909 2758 3146 2813 purpura
3187 2750 3486 2812 praetextas

1912 2838 2182 2902 indutum,
2221 2845 2633 2907 gestautemque
2663 2852 2691 2890 a
2721 2836 2860 2890 collo
2883 2835 3127 2906 pendens
3161 2834 3362 2888 monile
3393 2849 3484 2888 sa-

1909 2929 2183 2984 cerdotale
2231 2943 2458 2982 aureum
2498 2927 2781 2990 accedere,
2815 2928 3004 2981 dextra
3041 2927 3280 2993 Iuwaquc
3317 2926 3486 2994 stipa.

1911 3030 2022 3076 tum
2059 3022 2292 3083 duobus,
2321 3035 2551 3088 quorum
2585 3019 2722 3072 alter
2743 3019 2960 3089 ignotus
3019 3017 3298 3086 propheta:
3331 3017 3484 3071 Isaia:

1907 3115 2167 3168 volumen
2250 3120 2502 3181 apertum
2576 3111 2834 3174 tenebat;
2915 3109 3054 3162 alter
3127 3108 3484 3162 Lantzarelus

1907 3202 2143 3274 gladium
2186 3199 2532 3271 imperatoris
2563 3214 2728 3254 manu
2763 3199 3014 3268 portabat
3043 3213 3059 3263 ;
3092 3207 3146 3252 et
3176 3197 3355 3267 ipsum
3383 3198 3484 3250 im-

1908 3300 2217 3360 pcratorem
2273 3303 2454 3342 ceram
2489 3297 2544 3342 et
2565 3287 2852 3359 asigillum,
2888 3289 3046 3341 ambo
3079 3288 3274 3351 rubra,
3304 3285 3484 3356 porri-

1908 3390 2122 3450 gentem
2185 3380 2566 3449 dicentemque
2603 3395 2618 3436 :
2669 3378 2852 3449 Signa.
2885 3377 3020 3433 Cum
3056 3380 3346 3448 signassct.
3403 3377 3482 3431 vi-

1907 3490 2034 3531 vum
2070 3473 2285 3526 leonem
2325 3471 2381 3525 in
2409 3471 2534 3526 hera
2576 3471 2903 3541 impressum
2959 3484 3242 3540 apparere,
3287 3468 3484 3522 dextro

1907 3567 2046 3638 pede
2077 3565 2290 3620 stellam
2322 3571 2602 3620 tenentem
2654 3562 3070 3626 lueidissimam,
3099 3568 3155 3614 et
3185 3559 3339 3629 juxta
3387 3575 3481 3614 ar-

1905 3674 2054 3714 mum
2087 3660 2246 3712 aliam
2279 3657 2493 3711 stellam
2519 3654 2810 3720 modicam,
2847 3653 2994 3708 velut
3025 3653 3354 3723 insculptum
3377 3653 3479 3707 ba-

1904 3731 2146 3806 bentem.
2183 3749 2324 3803 Tum
2372 3750 2763 3818 imperatorem
2797 3745 3001 3812 dicere,
3052 3746 3240 3800 Excila
3271 3747 3474 3814 ipsum.

1903 3842 2055 3908 Quod
2091 3856 2218 3895 cum
2261 3839 2488 3904 laceret,
2520 3837 2614 3907 qui
2662 3837 2857 3890 librum
2900 3835 3051 3890 Isaias
3085 3837 3325 3900 tenebat,
3360 3835 3477 3890 haec

1905 3935 2032 3990 inde
2064 3934 2350 3989 videbatur
2403 3931 2662 3997 recitare,
2725 3946 2747 3981 ι
2781 3928 3046 3983 Dominus
3075 3929 3185 3982 dux
3220 3929 3342 3996 ejus
3373 3927 3477 3980 fuit

1904 4044 1966 4082 ex
1988 4026 2244 4097 Egypto,
2276 4033 2334 4080 ut
2365 4023 2590 4092 gloriam
2620 4021 2905 4075 unicornis
2937 4020 3079 4089 ejus,
3119 4025 3179 4072 ut
3221 4019 3478 4075 comedat

1903 4117 2463 4189 gentes'iuimicorum
2493 4115 2635 4184 ejus,
2673 4123 2728 4168 et
2751 4112 2954 4184 jaeulis
2982 4127 3168 4166 eorum
3200 4111 3474 4182 iaculabi-

1879 4207 2010 4273 'tur,
2033 4216 2086 4262 et
2106 4207 2407 4262 crassitiem
2441 4217 2632 4260 eorum
2669 4202 3040 4258 emedullabit.
3090 4202 3365 4256 Recubuit
3421 4208 3475 4256 et

1902 4301 2115 4371 quievit
2143 4308 2204 4354 ut
2250 4299 2356 4362 leo,
2392 4308 2447 4352 et
2477 4304 2536 4352 ut
2560 4296 2770 4350 catulus
2799 4295 2994 4358 leonis,
3043 4293 3166 4363 quis
3207 4293 3467 4348 excitabzt

1903 4391 2095 4446 illum?
2121 4389 2224 4456 Qui
2255 4389 2588 4444 benedicunt
2619 4387 2737 4452 tibi,
2783 4395 2912 4441 sunt
2943 4383 3246 4450 benedicti,
3296 4393 3352 4438 et
3380 4383 3474 4454 qui

1901 4485 2254 4548 maledicunt,
2298 4481 2632 4536 maledicti‘.
2671 4500 2690 4533 ι
2722 4481 2884 4551 632
2922 4478 3043 4534 Haec
3091 4480 3184 4532 ille
3217 4477 3354 4532 libro
3393 4477 3474 4530 in-

1901 4577 2103 4645 scripta
2138 4573 2369 4628 recitare
2398 4573 2708 4627 videbatur.
2745 4574 3045 4641 Imperator
3065 4585 3257 4624 rursus
3291 4569 3465 4624 (ilium

1900 4668 2116 4736 signare
2142 4665 2328 4734 jussit.
2381 4663 2514 4719 Cum
2564 4665 2857 4736 signasset,
2902 4675 3160 4731 expressa
3210 4669 3293 4713 est
3350 4659 3473 4714 viva

1900 4758 2158 4828 pardalis,
2186 4757 2360 4811 altero
2404 4757 2542 4826 pede
2585 4757 2832 4810 chartam
2875 4755 3158 4808 sustinens
3201 4767 3323 4806 cum
3371 4750 3476 4804 hac

1902 4847 2260 4918 inscriptione
2295 4866 2308 4902 :
2352 4865 2370 4898 ι
2404 4847 2546 4902 Ecce
2586 4847 2701 4902 fera
2749 4847 2923 4900 altera
2951 4853 3010 4897 ut
3042 4844 3266 4913 pardus,
3297 4849 3351 4897 et
3379 4856 3476 4912 po-

223 4932 557 5002 προσέταττε
613 4933 934 5000 σφραγίσαι.
984 4931 1395 5000 Σφραγίσαντος
1431 4931 1488 4985 δὲ
1525 4933 1793 5002 πάρδαλις

1907 4947 2069 4993 testas
2099 4938 2147 4992 ei
2179 4939 2301 4994 data
2326 4940 2469 4994 est”.
2515 4956 2537 4993 ι
2575 4938 2822 5007 Cumque
2855 4937 3155 5007 imperator
3195 4935 3244 4988 ei
3276 4933 3368 5004 qui
3417 4932 3478 4986 li-

223 5023 419 5092 ιξῆλθε
461 5023 631 5090 ζῶσα,
663 5024 756 5077 καὶ
787 5024 996 5094 χάρτην
1021 5021 1136 5093 εἶχε
1169 5022 1381 5093 θατέρῳ
1417 5025 1526 5077 τῶν
1584 5024 1792 5092 ποδῶν;

221 5110 270 5186 ᾧ
293 5117 682 5188 ἐνεγέγραπτο,
707 5116 838 5169 Ἰδοὺ
868 5117 1056 5189 θηρίον
1102 5117 1289 5188 ἓτερον
1327 5118 1460 5170 ὡσεὶ
1489 5118 1754 5188 πάρδαλις
1778 5136 1792 5152 °

223 5211 320 5264 καὶ
351 5210 568 5274 ἐξουσία
595 5210 752 5280 ὲδὶθη
781 5210 947 5280 αὐτῷ.
975 5229 994 5261 ι
1034 5209 1405 5271 Κελεύσαντος
1435 5210 1492 5264 δὲ
1540 5211 1798 5280 βασιλέως

308 5371 323 5401 ¹
362 5367 528 5426 Num.
559 5386 706 5437 xxxv,
741 5370 796 5434 8,
831 5371 887 5426 9.
963 5372 983 5401 ²
1024 5370 1138 5424 Dan
1168 5385 1266 5435 νυ,
1300 5371 1355 5426 6.

1909 5030 2067 5085 brum
2127 5031 2347 5086 tenebat
2404 5032 2884 5102 praecepisset,'ut
2947 5028 3075 5082 lene
3130 5027 3476 5097 prephetiam

1906 5122 2131 5192 legeret,
2177 5125 2368 5177 eadem
2427 5123 2661 5195 legebat.
2716 5121 2964 5177 Tertium
3023 5122 3238 5192 signare
3291 5116 3478 5187 jussit,

1907 5214 2156 5284 Cumque
2211 5215 2507 5286 signasset,
2551 5214 2674 5269 felis
2719 5213 2880 5269 etiam
2927 5212 3048 5268 viva
3110 5209 3302 5275 exivit,
3359 5220 3479 5276 quae

1480 5509 1700 5573 Jacobi
1733 5511 2006 5573 Pontani
2038 5519 2227 5575 notas.
2369 5530 2400 5557 η

305 5637 417 5705 (47)
461 5636 534 5691 De
564 5636 666 5690 hoc
712 5650 924 5690 sommo
957 5632 1148 5705 viderit
1197 5633 1365 5705 lector
1411 5632 1539 5701 quid
1576 5632 1794 5705 sentiat,

229 5715 288 5761 et
330 5703 600 5776 quomodo
635 5721 820 5760 verum
867 5705 958 5766 sit,
1008 5703 1150 5771 quod
1181 5704 1254 5776 ait
1292 5711 1477 5776 postta
1548 5703 1624 5755 sic
1664 5716 1796 5756 eve-

231 5773 404 5831 nisse.
435 5777 731 5838 Commista
759 5784 886 5831 sunt
923 5783 1104 5828 autem
1141 5774 1303 5827 verba
1347 5773 1642 5840 Scriptura.-
1673 5787 1795 5825 san-

1905 5641 2026 5692 etae,
2053 5642 2126 5711 .et
2161 5633 2536 5711 consarcinata
2567 5634 2874 5706 aliquoties,
2911 5635 3203 5710 utneseias
3241 5639 3369 5711 quid
3404 5654 3476 5694 ex

1903 5717 2015 5769 quo
2053 5701 2170 5756 loco
2209 5704 2530 5761 adducatur.
