3964 6610
1398 408 1941 470 HISTORIARUM
1988 409 2221 470 LIBER
2261 410 2378 469 Ill.

257 406 402 478 1189
1031 451 1036 456 -
1398 408 1802 470 HISTORIAF

1906 409 1941 468 il
1988 409 2221 470 LIBER
2261 410 2378 469 Ill-
3362 416 3495 484 “90

250 519 699 589 νοιὰνέστρεφον.
724 518 982 582 Βασιλεὺς
1003 520 1058 573 δέ
1087 520 1208 573 ἐπεὶ
1235 537 1300 576 πε
1311 521 1362 591 pi.
1384 521 1612 592 δείληνὴ
1644 521 1802 591 ήμέρι

1927 529 2074 574 ctum
2105 522 2392 587 all‘erebat,
2417 523 2511 578 sed
2540 523 2851 594 imperatori
2884 541 3124 596 quoque,
3157 538 3212 583 et
3234 529 3495 586 Romanis

249 609 352 680 ἤδη
377 605 468 679 ἦν,
503 609 654 678 παρὰ
680 609 778 681 τὴν
804 611 901 679 τῆς
923 611 1184 680 Καμήλου
1209 613 1554 682 καλουμένην
1575 611 1802 680 γέφυραι

1920 611 2196 667 universis
2228 628 2440 683 magna:
2468 616 2809 671 miserationi
2839 626 2977 683 erat,
3005 635 3120 674 suae
3151 622 3331 689 gentis
3352 637 3496 675 mor-

249 701 784 766 ἐστρατοπεδεύσατο
806 701 996 765 ἐλθὼν,
1032 703 1124 755 καὶ
1151 704 1230 765 εἰς
1247 703 1348 772 τὴν
1383 701 1677 771 ὑστεραίαν
1711 701 1802 754 ὁλί⁴

1920 703 2056 758 tales
2088 703 2172 758 his
2197 704 2418 758 casibus
2447 719 2742 774 oppressos
2782 708 3049 778 aspicere.
3098 709 3204 764 Sed
3236 726 3356 765 cum
3391 711 3496 780 By-

246 805 336 856 γοι
366 789 466 860 μὲν
490 791 570 853 είς
613 793 674 844 τὸ
705 794 1064 858 στρατόπεδον
1106 794 1246 863 μετὰ
1302 793 1570 863 βασιλέως
1601 791 1802 846 ὑπελεί-

1919 796 2122 850 zantini
2180 811 2367 864 pacem
2437 812 2912 866 aspernarentur,
2966 802 3237 858 licentiam
3297 804 3496 858 milita-

248 896 446 932 ποντο·
489 880 549 933 τὸ
574 881 705 934 πολὺ
733 883 789 934 δὲ
817 882 917 952 τῆς
951 884 1212 951 στρατιᾶς
1251 884 1347 937 καὶ
1383 883 1693 953 Ῥωμαίων,
1725 883 1802 936 κα¹

1921 901 2038 941 rem
2086 885 2142 940 in
2173 887 2425 943 hostibus
2480 892 2780 946 necessitas
2811 891 3197 963 extorquebat,
3255 911 3364 949 non
3399 913 3494 950 vo-

246 971 472 1040 Περσῶν
492 975 789 1041 ἐτράποντο
814 975 909 1027 ἐπὶ
936 975 1247 1044 λεηλασίας.
1276 975 1386 1029 Καὶ
1421 976 1682 1043 Ῥωμαῖοι
1717 977 1821 1044 μὲν
1921 977 2131 1031 luntas.
3449 999 3454 1003 '

246 1063 565 1134 βοσκήματα
618 1071 712 1123 καὶ
749 1071 914 1140 ἄλλην
945 1072 1096 1124 λείαν
1148 1072 1383 1141 ἤλαυνον
1405 1087 1419 1102 ο
1450 1069 1512 1122 τὸ
1544 1070 1807 1138 Περσικὸν
1845 1070 1900 1123 δὲ
1930 1070 2321 1140 ἡνδραπὸδιζον
2345 1074 2437 1127 καὶ
2462 1075 2585 1136 τοὺς
2612 1075 2953 1146 ἀνθρώπους.
2981 1081 3089 1132 Καὶ
3113 1057 3184 1151 ἦν
3250 1081 3310 1134 οὐ
3377 1085 3492 1144 τοῖς

245 1158 516 1228 πάσχουσι
544 1160 707 1228 μόνον
739 1163 799 1215 τὸ
821 1162 988 1215 κακὸν
1034 1161 1503 1232 ἀπαραμύθητονο
1552 1161 1687 1213 ἀλλὰ
1715 1161 1808 1213 καὶ
1847 1161 2096 1230 βασιλεῖ,
2150 1163 2245 1216 καὶ
2286 1167 2398 1227 τοῖς
2444 1165 2698 1232 συνοῦσιν
2740 1166 2912 1222 arcae:
2985 1173 3283 1239 Ῥωμαίοις
3343 1173 3492 1234 ἕλεος

245 1249 420 1314 δεινὸς
452 1251 650 1322 εἰσῄει,
689 1254 914 1308 τοιαῦτα
951 1253 1058 1307 τῶν
1087 1253 1371 1322 ὁμοφύλων
1412 1249 1836 1332 δυστυχούντων.
1889 1251 2226 1319 Ἀναγκαίως
2258 1253 2313 1306 δέ
2340 1254 2434 1307 τοῦ
2512 1256 2751 1326 πολέμου
2796 1260 3026 1329 είχρντο.
3061 1263 3330 1334 Πράττειν
3383 1265 3492 1342 γὰρ

245 1345 447 1414 ἑτέρως
495 1345 596 1399 οὐκ
623 1345 768 1416 ἐνῆν,
799 1346 908 1400 τῶν
942 1349 998 1401 ἐν
1028 1346 1310 1418 Βυζαντίῳ
1334 1346 1433 1418 τὴν
1479 1347 1702 1416 εἰρήυην
1745 1346 1805 1398 ού
1847 1347 2328 1417 παραδεχομένων.

1581 1483 1808 1540 CAPUT
1849 1485 2110 1541 LXXXII.

243 1578 738 1650 Calatterupientes
764 1582 831 1635 de
881 1589 1095 1635 auctore
1143 1580 1267 1648 belli
1299 1589 1348 1634 et
1403 1597 1572 1634 causis
1606 1595 1930 1648 cognoscere.
1983 1580 2181 1650 legatos
2233 1583 2301 1636 ad
2341 1582 2770 1640 Cantaeuzenum
2816 1587 3131 1640 sciscitatum
3167 1591 3403 1644 mittunt.
3443 1590 3492 1644 Ii

315 1662 435 1703 sunt
489 1653 590 1728 (luo
631 1653 1150 1728 monachi,_qt_torum
1197 1651 1338 1704 alter
1389 1654 1558 1728 Anna;
1615 1651 2290 1728 imperaqicisicognatus.
2334 1654 2674 1728 Respondens
2727 1656 3018 1728 imperator
3068 1673 3176 1711 rem
3234 1678 3265 1711 a
3317 1661 3523 1728 capile°

315 1721 552 1783 arcessit,
604 1731 653 1774 et
682 1738 842 1794 quam
893 1718 1109 1794 indigna
1163 1736 1438 1794 perpessus
1491 1721 1560 1794 sit
1615 1720 1783 1771 docet.
1819 1718 1896 1771 De
1936 1720 2107 1794 Persis
2139 1723 2296 1775 etiam
2335 1718 2601 1794 advocatis
2650 1741 2706 1778 se
2756 1718 3004 1794 defendit,
3059 1737 3108 1778 et
3162 1718 3491 1786 adversarios

310 1805 492 1844 eorum
525 1806 674 1860 opem
694 1788 907 1860 frustra
935 1788 1449 1859 implorasse'docet.
1488 1788 1760 1854 Quantum
1786 1791 2033 1859 temporis
2077 1791 2134 1844 in
2167 1798 2259 1844 hoc
2288 1792 2549 1864 colloquio
2581 1788 2947 1865 consumptum
2977 1796 3161 1864 fuerit.

317 1927 381 1980 Oi
411 1927 467 1978 ἐν
491 1927 710 1999 Γαλατᾷ
729 1928 784 1980 δὲ
817 1927 1170 2000 τῷφρουρίῳ
1195 1927 1348 1991 ὄντες
1376 1929 1618 1992 Λατῖνοι,
1645 1925 1802 1994 ὁρῶν-

1984 1894 2192 1980 ννενυῐη
2255 1928 2400 1983 enim
2455 1894 2603 1983 vero.
2637 1929 2689 1984 in
2761 1931 2962 2001 oppido
3035 1931 3221 1988 Galata
3266 1931 3488 2001 Latinif,

239 2036 332 2082 τες
371 2019 466 2088 μὲν
502 2020 600 2090 τὴν
627 2020 730 2072 ὑπὸ
760 2020 852 2074 τοῦ
895 2021 1158 2090 ἐμφυλίου
1212 2021 1451 2092 πολέμου
1506 2023 1618 2083 τοῖς
1675 2020 1810 2073 Ῥω-

244 2113 424 2182 μαίοις
464 2114 820 2184 ἐγγινομένην
847 2114 1126 2185 ἀμύθητον
1152 2115 1379 2186 φθορᾷιν,
1405 2112 1724 2182 ἀγνοοῦντες
1755 2113 1811 2165 δὲ

240 2205 292 2256 εἰ
327 2204 526 2274 μᾶλλον
558 2207 606 2258 οἱ
633 2206 689 2259 ἐν
723 2206 1024 2275 Βυζαντίῳ,
1056 2207 1088 2279 ᾗ
1118 2204 1566 2272 Καντακουζηνὺς
1597 2205 1625 2256 ὁ
1652 2204 1811 2274 βασι-

238 2293 368 2357 λεὺς
399 2295 697 2364 παρέχεται
742 2296 840 2358 τὰς
885 2295 1064 2358 αἰτίας
1101 2294 1196 2348 τοῦ
1247 2295 1521 2365 πολέμου,
1559 2297 1651 2348 καὶ
1697 2297 1810 2358 τοῖς

244 2387 345 2454 μὲν
369 2387 426 2439 ἐν
445 2387 725 2456 Βυζαντίῳ
749 2388 1002 2452 συνόντες
1022 2387 1313 2459 ὁσημέραι,
1338 2390 1430 2443 καὶ
1460 2389 1631 2442 πολλὰ
1661 2390 1810 2442 Καν-

239 2479 577 2550 τακουζηνοῦ
609 2479 700 2533 τοῦ
733 2479 995 2549 βασιλέως
1024 2480 1315 2544 ἀκούοντες
1336 2479 1805 2550 κατηγορούντων,

240 2571 326 2624 ὅτι
363 2568 664 2640 βασιλεύειν
695 2571 1036 2642 ἐπιθυμήσας
1059 2575 1172 2635 τοῖς
1201 2571 1468 2642 βασιλέως
1493 2571 1810 2625 ἐπιϐουλεύ-

246 2681 360 2717 σειε
390 2659 568 2731 παισὶ,
599 2666 945 2737 πατριάρχης
985 2667 1041 2719 δὲ
1080 2669 1215 2736 μετᾶ
1246 2666 1354 2719 τῶν
1383 2667 1680 2720 ἐπιλοίπων
1711 2669 1806 2720 ἁν-

245 2757 460 2828 τισταίη
510 2756 605 2810 καὶ
669 2757 932 2810 κωλύσειε
987 2757 1061 2828 μὴ
1111 2761 1202 2811 τὸν
1253 2759 1419 2812 παῖδα
1473 2758 1808 2830 διαφθείρειν

246 2850 583 2919 πολεμήσας,
624 2848 656 2919 ἦ
689 2849 841 2902 οὐδὲν
875 2849 941 2902 ἂν
985 2852 1191 2902 ἐκεῖνον
1232 2850 1439 2904 ἐκώλυε
1486 2851 1650 2903 πάλαι
1696 2851 1806 2904 διε-

244 2943 508 3012 φθάρθαι,
541 2939 990 3009 Καντακουζηνοῦ
1031 2942 1087 2994 δὲ
1114 2941 1208 2994 τοῦ
1249 2941 1508 3012 βασιλέως
1534 2943 1593 2995 ού
1644 2943 1806 3012 μόνον

241 3035 342 3105 τὴν
369 3033 758 3105 πρὸςβασιλέα
804 3034 894 3086 τὸν
937 3033 1276 3103 ’Δνδρόνικον
1329 3029 1635 3096 ἐννοοῦντες
1663 3036 1803 3104 σύμ-

244 3145 454 3191 πνοιαν,
511 3128 647 3180 ἀλλὰ
699 3127 793 3180 καὶ
849 3127 946 3197 τὴν
994 3126 1301 3198 προσοῦσαν
1356 3127 1656 3181 ἐπιείκειαν
1709 3127 1805 3179 καὶ

239 3219 578 3290 ἡμερότητα,
599 3219 692 3272 καὶ
721 3218 781 3270 τὸ
806 3221 970 3272 πᾶσιν
999 3218 1189 3272 ἑαυτὸν
1223 3219 1554 3290 παρέχεσθαι
1587 3219 1715 3289 ἡδύν
1745 3235 1803 3271 τε

241 3313 300 3364 ἐν
329 3312 564 3382 ὁμιλίαις
600 3316 694 3364 καὶ
727 3309 1007 3379 φιλότιμον
1041 3309 1177 3380 πρὸς
1213 3311 1310 3374 τὰς
1341 3311 1678 3382 εὐεργεσίας,
1709 3311 1803 3364 καὶ

238 3402 342 3472 τῆς
373 3405 451 3464 εἰς
499 3401 661 3480 αὸτὸιν
712 3401 926 3464 εὐνοίας
976 3401 1084 3455 τῶν
1131 3402 1296 3470 φίλων
1347 3402 1801 3474 μνημονευτικδν,

242 3497 336 3546 καὶ
373 3475 704 3565 νομίζοντες,
739 3495 842 3544 οὐκ
886 3493 952 3546 ἂν
983 3491 1126 3547 οὕτω
1164 3493 1362 3564 ῥᾳδίως
1409 3495 1534 3564 περὶ
1579 3494 1802 3564 βασιλέα

240 3585 332 3638 τὸν
372 3586 525 3654 φίλον
553 3583 1019 3654 ἠγνωμονηκέναι,
1070 3585 1348 3637 πιστεύειν
1383 3585 1482 3654 μὲν
1511 3586 1610 3638 οὐκ
1660 3581 1804 3655 εἶχον

240 3675 549 3742 τοϊςιαύτοῦ
583 3677 946 3746 κατηγοροῦσι
988 3678 1058 3730 τὰ
1087 3676 1334 3743 τοιαῦτα,
1378 3678 1500 3732 οὔτε
1529 3681 1635 3751 μὴν
1668 3699 1803 3733 παν-

239 3773 476 3825 τάπασιν
529 3772 782 3825 ἀπιστεῖν
828 3773 940 3832 τοῖς
993 3769 1412 3842 θρυλλουμένοις
1462 3771 1634 3836 οὕτως
1699 3773 1803 3827 ὑπὸ

243 3866 476 3936 πολλῶν,
520 3866 620 3918 Διὰ
660 3865 723 3935 δὴ
754 3865 928 3918 ταῦτα
957 3865 1086 3933 περὶ
1118 3865 1372 3920 πλείστου
1408 3867 1678 3936 τιθέμενοι
1708 3885 1803 3920 σα-

242 3961 341 4028 φές
366 3975 420 4012 τι
447 3960 576 4029 περὶ
612 3956 704 4010 τοῦ
742 3958 890 4026 παρὰ
933 3957 1224 4028 Ῥωμαίοις
1255 3961 1615 4029 κεκινημένου
1647 3960 1825 4021 πολέεη

245 4067 346 4118 μου
374 4049 600 4118 γνῶναι,
627 4049 738 4102 δεῖν
783 4047 1051 4115 ἔγνωσαν,
1079 4049 1200 4101 ἐπεὶ
1233 4050 1398 4117 ἐγγὺς
1448 4045 1516 4120 ἦν
1547 4050 1795 4122 ἐστρατο·

242 4140 595 4212 πεδευμένος,
635 4141 875 4208 πέμπειν
922 4140 1057 4210 πρὸς
1089 4140 1252 4193 αὐτόν
1282 4157 1452 4206 τινας,
1481 4140 1530 4195 οἳ
1572 4141 1805 4206 διαλεξό-

244 4249 396 4302 μενοι
429 4234 528 4293 τὰς
576 4230 752 4292 αἰτίας
780 4231 1015 4283 εἴσονται
1067 4231 1282 4300 σαφῶς,
1314 4230 1371 4297 ἐξ
1404 4225 1477 4285 ὧν
1512 4234 1540 4285 ὁ
1567 4233 1803 4302 πόλεμος

241 4325 517 4392 κεκίνητο.
549 4323 658 4376 Καὶ
690 4322 971 4391 πέμπουσι
1001 4322 1095 4375 δύο
1130 4323 1283 4385 τινὰς
1315 4324 1414 4392 τῆς
1453 4323 1560 4376 τῶν
1615 4331 1806 4393 μενου-

241 4414 374 4484 ρίων
401 4412 604 4477 τάξεως
641 4412 926 4483 μοναχοὺς,
960 4415 1214 4480 συνετοὺς
1251 4413 1350 4482 μέν
1391 4413 1485 4467 καλ⁸
1508 4413 1703 4479 ἄλλως,
1741 4414 1801 4465 ού

243 4506 353 4577 μὴν
381 4505 520 4558 ἀλλὰ
549 4505 641 4558 καὶ
671 4505 864 4572 σοφίας
889 4505 988 4573 τῆς
1018 4506 1170 4573 παρὰ
1205 4502 1496 4573 Ῥωμαίοις
1528 4505 1607 4568 εἰς
1636 4508 1804 4575 ἄκρον

1919 2034 2042 2072 cum
2082 2018 2188 2073 hoc
2215 2020 2357 2074 civili
2394 2021 2537 2076 bello
2568 2022 2844 2078 Romanos
2885 2024 3235 2080 incredibiles
3263 2026 3490 2081 calami-

1919 2117 2056 2164 tates
2088 2112 2383 2180 pertulisse
2413 2123 2726 2177 cernerent,
2757 2122 2812 2168 et
2846 2116 3191 2184 ignorarent,
3240 2118 3488 2187 magisne

1915 2216 1946 2256 a
1977 2201 2313 2272 Byzantinis,
2364 2220 2430 2258 an
2467 2204 2912 2261 a..Cantacuzeno
2947 2210 3132 2260 datum
3186 2215 3335 2262 esset
3383 2208 3486 2261 ini.

1917 2293 2052 2348 tium
2095 2313 2108 2349 :
2149 2304 2206 2350 et
2239 2295 2555 2364 qu0tidiana
2592 2312 2711 2351 cum
2746 2297 2856 2352 illis
2901 2299 3226 2353 commercia
3282 2298 3488 2354 haben-

1917 2392 2019 2451 tes,
2060 2397 2154 2439 eos
2183 2385 2625 2441 Cantacuzenum
2665 2389 2854 2443 multis
2884 2399 3203 2444 accusantes
3233 2391 3487 2445 audirent

1917 2471 2080 2542 (quod
2117 2475 2374 2529 nimirum
2405 2475 2995 2546 regnandicupiditate
3029 2475 3219 2531 liberis
3247 2477 3480 2546 impera-

1917 2563 2052 2619 toris
2086 2565 2443 2621 insidiaretur
2476 2583 2490 2620 :
2526 2568 2897 2636 patriarcham
2939 2583 3073 2623 cum
3095 2568 3307 2624 caeteris
3337 2568 3486 2623 obsi-

1914 2666 2081 2724 stere,
2121 2674 2192 2712 ne
2235 2674 2467 2730 puerum
2521 2661 2666 2716 bello
2701 2660 2876 2715 victor
2916 2660 3230 2727 occideret,
3279 2659 3483 2729 alioqui

1913 2748 2124 2818 pridem
2153 2749 2393 2805 occisum
2429 2750 2645 2820 fuisse),
2668 2760 2932 2822 praeterea
2958 2767 3080 2806 cum
3115 2749 3483 2805 Cantacuzcni

1913 2856 2022 2895 non
2056 2841 2234 2896 solum
2290 2857 2414 2897 cum
2471 2843 2730 2899 defuncto
2791 2844 3118 2913 imperatore
3167 2842 3484 2898 Andronico

1911 2933 2253 2988 voluntatum
2317 2934 2729 3005 studiorumque
2769 2950 3120 3000 consensum,
3153 2935 3249 2990 sed
3278 2943 3334 2989 et
3367 2949 3484 2994 m0-.

1912 3041 2001 3080 res
2032 3025 2430 3096 placidissimos
2470 3035 2814 3097 reputarent,
2865 3036 2918 3082 et
2957 3026 3330 3096 quomodo-se
3364 3041 3483 3079 om-

1912 3118 2074 3172 nibus
2108 3117 2160 3171 in
2197 3133 2496 3189 congressu
2535 3133 2779 3183 suavem,
2815 3135 2877 3174 ac
2909 3119 3285 3174 benefaciendi
3320 3118 3481 3187 cupi-
3533 3151 3536 3155 -

1912 3208 2062 3273 dum,
2095 3207 2600 3278 benevolentiaque
2637 3207 2938 3262 amicorum
2976 3223 3101 3278 erga
3169 3222 3228 3262 se
3267 3221 3478 3260 memo—

1907 3314 2021 3354 rem
2050 3293 2359 3370 prazberet;
2391 3300 2792 3354 arbitrarentur
2824 3300 2986 3355 etiam
3039 3313 3146 3352 non
3183 3309 3289 3352 tam
3319 3297 3478 3352 facile

1904 3392 1961 3444 in
1994 3391 2385 3461 imperatorem
2455 3391 2728 3460 ingratum
2775 3397 2940 3460 atque
2977 3389 3284 3458 improbum
3320 3402 3478 3458 repe-

1905 3481 2000 3536 riri
2035 3483 2280 3552 potuisse
2309 3499 2323 3536 :
2351 3496 2474 3536 cum
2533 3482 2671 3548 haec,
2719 3481 2961 3551 inquam,
2995 3483 3324 3552 cogitarent,
3372 3497 3478 3537 nec

1905 3573 2065 3628 ﬁdem
2095 3573 2510 3629 accusatoribus
2539 3574 2858 3644 adjuugere,
2899 3589 2997 3628 nec
3025 3589 3252 3643 prorsus
3285 3574 3473 3628 detra-

1904 3667 2037 3720 here
2073 3675 2342 3735 poterant,
2379 3666 2522 3735 quod
2566 3665 2700 3731 adeo
2732 3679 2762 3718 a
2800 3664 2984 3718 multis
3014 3664 3469 3732 pradicarentur.

1903 3755 2168 3822 Quocirca
2202 3764 2412 3811 certum
2469 3755 2672 3825 aliquid
2725 3755 2793 3809 de
2848 3754 2974 3809 belli
3017 3769 3181 3808 causa
3216 3764 3270 3808 et
3301 3755 3476 3810 initiis

1904 3861 2234 3916 cognoscere
2267 3846 2571 3913 nimiopere
2602 3845 2906 3915 cupientes,
2935 3845 3373 3914 quandoquidem
3427 3846 3473 3900 is

1902 3953 2070 4008 prope
2097 3949 2276 3993 castra
2301 3938 2543 4001 haberet,
2573 3937 2838 4006 quosdam
2877 3951 3002 3991 eum
3053 3945 3471 4006 percunctatum

1903 4029 2203 4084 mittendos
2233 4037 2566 4093 statuerunt,
2601 4037 2660 4083 ut
2706 4027 2850 4097 quod
2883 4027 3164 4090 volebant,
3193 4029 3472 4096 explorate

1904 4122 2199 4178 discerent.
2232 4121 2452 4176 Mittunt
2513 4121 2680 4191 igitur
2738 4120 2875 4174 duos
2911 4120 3186 4174 Minorum
3235 4120 3471 4175 instituti

1907 4214 2226 4279 monachos,
2260 4213 2554 4282 carteroqui
2585 4212 2900 4283 prudentes,
2937 4222 2992 4268 et
3036 4210 3244 4266 Latinis
3275 4211 3471 4266 litteris

1903 4304 2514 4376 eltcultissimos,'63ﬁI
2545 4314 2600 4359 et
2641 4303 2694 4358 in
2744 4303 3076 4358 Aristotelea
3119 4304 3469 4374 philosophia

1907 4397 2413 4453 exercitatissimos.
2455 4395 2660 4451 Horum
2700 4411 2843 4451 unus
2878 4403 2997 4450 erat
3043 4394 3346 4460 Sabaudus,
3375 4410 3471 4464 pa-

1909 4500 2061 4546 terna
2096 4490 2418 4560 cognatione
2462 4492 2634 4544 Annae
2669 4488 3006 4558 imperatrici
3059 4488 3307 4558 junctus,
3343 4505 3464 4544 mod

237 4599 702 4668 ἐληλακόταςλώ⁹
727 4597 796 4651 τὰ
822 4596 1225 4667 Ἀριστοτέλους
1268 4595 1529 4650 κάλλιστα
1562 4596 1800 4666 ἐξησκη-

1907 4584 2205 4641 nachorum
2246 4583 2521 4638 minorum
2578 4581 2831 4638 antistes.
2882 4582 3227 4652 Quapropter
3259 4592 3316 4638 et
3355 4591 3468 4637 tum

239 4692 456 4760 μένους.
484 4689 592 4742 Ἷὶν
621 4689 677 4742 δὲ
705 4688 734 4741 ὁ
771 4689 868 4758 μὲν
916 4687 1000 4741 ἐτε
1012 4704 1102 4758 ρος
1137 4688 1316 4740 αὐτῶν
1350 4689 1412 4741 ἐκ
1438 4687 1685 4749 Σασωῖας
1708 4689 1804 4758 τῆς

237 4782 504 4852 πατρῴας
538 4781 714 4844 οἰκίας
748 4782 916 4854 Ἀννῃ
953 4782 1018 4851 τῇ
1072 4779 1326 4848 βασιλίδι,
1359 4780 1465 4832 τῶν
1501 4780 1804 4851 μενουρίων

237 4874 599 4946 ὴγούμενους.
632 4873 721 4927 Διὸ
753 4872 849 4926 καὶ
892 4874 1012 4926 τότε
1064 4872 1199 4942 πρὸς
1239 4871 1462 4942 βασιλέα
1498 4874 1648 4942 παρὰ
1693 4872 1802 4926 τῶν

236 4968 530 5038 ὁμοφύλων
559 4966 837 5036 ἐπέμφθη,
878 4967 944 5019 ἵν’
976 4966 1049 5028 ὡς
1088 4965 1318 5035 μάλιστα
1350 4966 1444 5028 τὰς
1475 4965 1652 5028 αἰτίας
1687 4966 1802 5030 ἐξε-

235 5061 380 5132 τάσῃ
429 5057 525 5110 τοῦ
575 5058 837 5127 πολέμου,
871 5060 937 5129 τῇ
992 5057 1128 5127 πρὸς
1179 5056 1427 5127 βασιλίδα
1471 5056 1568 5127 τὴν
1604 5059 1801 5111 Ἅνναν

235 5152 624 5221 οἰκειότητιού
666 5151 827 5220 μόνον
868 5150 1082 5221 βασιλεῖ
1125 5151 1200 5222 μὴ
1247 5151 1628 5222 χαριζόμενος,
1663 5153 1799 5207 ἀλλὰ

235 5247 335 5320 καὶ
368 5246 803 5313 ἀντιλέγων-καὶ
845 5245 1185 5314 ἀπελέγχων,
1234 5245 1336 5298 ὅσα
1369 5245 1588 5299 δυνατά.
1637 5243 1695 5299 Ὀ
1740 5246 1798 5299 δέ

231 5339 422 5402 λοιπδς
468 5339 578 5391 τῶν
599 5336 1000 5406 ἐξεταζομένων
1023 5337 1297 5409 ἀκροατὴς
1350 5338 1605 5406 ἐσόμενος
1637 5339 1798 5408 μόνον

229 5432 382 5502 ἣκει*
416 5431 504 5484 ἵνα
536 5429 610 5500 μὴ
638 5430 844 5491 ἐκεῖνος
867 5427 1023 5490 αὖθις
1050 5430 1407 5498 χαριζόμενος
1438 5428 1637 5498 ἐαυτῷ,
1664 5429 1798 5482 ἀπο-

229 5522 496 5592 κρύπτειν
525 5519 758 5592 ἐθελήσῃ
784 5519 1307 5589 τάληθῆ.Ἐλθόντες
1336 5522 1391 5573 δὲ
1425 5519 1504 5583 εἰς
1544 5520 1604 5573 τὸ
1633 5537 1794 5591 στρα-

228 5612 474 5679 τόπεδον,
507 5615 602 5668 καὶ
629 5611 854 5682 βασιλέα
895 5611 1467 5680 προσαγορεύσαντες,
1500 5611 1659 5683 ἥκειν
1693 5613 1790 5683 μὲν

201 5705 439 5774 ,ἔφασαν
469 5705 563 5758 καὶ
591 5702 806 5774 ὁμιλίας
847 5703 1012 5756 ἕνεκα
1045 5704 1141 5756 καὶ
1187 5705 1479 5773 συντυχίας
1526 5705 1624 5775 τῆς
1651 5705 1787 5775 πρὸς

226 5795 413 5863 αὐτὸν,
445 5794 618 5859 οὕτως
648 5795 813 5864 ἐγγὺς
840 5793 1422 5868 ἐστρατοπεδευμένου.
1448 5797 1520 5850 Τὸ
1547 5797 1782 5868 μάλιστα

1906 4676 1975 4730 ab
2006 4674 2358 4743 homophylis
2383 4673 2450 4728 ad
2489 4673 2871 4742 imperatorem
2904 4672 3105 4729 missus
3126 4686 3232 4739 est,
3273 4682 3333 4726 ut
3355 4675 3470 4728 ori-

1905 4769 2082 4838 ginem
2121 4766 2245 4821 belli
2275 4773 2530 4820 accurate
2561 4764 2861 4834 indagaret,
2913 4773 2970 4818 et
3002 4764 3210 4820 ratione
3249 4767 3470 4834 pr0pin-

1905 4857 2132 4927 quitatis
2179 4870 2302 4909 cum
2363 4854 2737 4922 imperatrice,
2790 4869 2898 4908 non
2934 4855 3099 4909 modo
3149 4857 3465 4924 imperatori

1904 4950 2041 5006 nihil
2098 4945 2441 5010 concederet,
2472 4946 2564 5001 sed
2611 4946 2774 5000 etiam
2807 4945 3228 5010 contradicerct,
3283 4963 3462 5016 quan-

1905 5051 2128 5110 tumque
2175 5045 2384 5108 posset,
2446 5051 2570 5090 eum
2621 5035 2920 5091 refelleret.
2974 5037 3126 5092 Alter
3161 5047 3369 5093 tantum
3400 5049 3459 5094 ut

1901 5132 2064 5200 hujus
2097 5128 2457 5200 indagationis
2515 5128 2850 5182 auscultator
2877 5142 2941 5183 ac
2973 5129 3128 5184 testis
3183 5131 3455 5197 veniebat,

1901 5239 1966 5279 ne
2002 5233 2189 5292 postea
2216 5221 2401 5276 socius
2435 5219 2751 5288 imperatori
2788 5220 3140 5302 gratiﬁcatus,
3170 5223 3457 5279 veritatem

1898 5318 2126 5374 celaret.
2157 5315 2390 5384 lngressi
2423 5314 2593 5382 igitur
2636 5321 2838 5378 castra,
2867 5328 2926 5368 se
2951 5314 3070 5384 ejus
3095 5317 3461 5372 conveniendi

1897 5419 1949 5463 et
1982 5407 2296 5477 alloquendi
2328 5420 2514 5470 causa,
2545 5404 2766 5472 quando
2821 5412 2928 5458 tam
2975 5421 3146 5476 prope
3195 5407 3465 5475 tenderet,

1895 5497 2193 5552 advenisse
2221 5497 2496 5551 dixerunt.
2535 5495 2885 5550 Potissimum
2911 5507 3090 5552 autem
3138 5499 3341 5556 idcirco
3370 5519 3466 5558 ve-

1895 5591 2066 5653 nisse,
2096 5589 2240 5658 quod
2273 5588 2368 5642 diu
2409 5589 2521 5658 jam
2558 5587 2701 5642 bello
2730 5588 3007 5644 hoc'inter
3047 5588 3325 5648 Romanos
3357 5594 3464 5649 du-

1897 5689 2079 5742 rante,
2139 5689 2196 5734 et
2243 5679 2473 5734 vastatis
2523 5681 2768 5748 quotidie
2796 5681 3023 5736 urbibus
3054 5683 3195 5736 inter
3222 5699 3281 5738 se
3308 5683 3464 5738 dissi-

1897 5773 2177 5841 dentibus,
2214 5771 2534 5842 reliquaque
2560 5771 2784 5842 regione
2813 5787 2842 5827 a
2875 5773 3135 5832 Romanis
3165 5784 3219 5831 et
3258 5774 3461 5832 barba-
3482 5817 3507 5827 ._
