  <div class='ocr_page' id='page_1' title='image "/cluster/home/n/w/nwhite01/storage/ocr_20150623/153/hvd.32044019208412/638.png"; bbox 0 0 3964 6578; ppageno 0'>
   <div class='ocr_carea' id='block_1_1' title="bbox 268 418 407 487">
    <p class='ocr_par' dir='ltr' id='par_1_1' title="bbox 268 418 407 487">
     <span class='ocr_line' id='line_1_1' title="bbox 268 418 407 487; baseline -0.029 0"><span class='ocrx_word' id='word_1_1' title='bbox 268 418 407 487; x_wconf 72' lang='grc'><strong>119⁸7</strong></span> 
     </span>
    </p>
   </div>
   <div class='ocr_carea' id='block_1_2' title="bbox 1403 412 2361 513">
    <p class='ocr_par' dir='ltr' id='par_1_2' title="bbox 1403 412 2361 513">
     <span class='ocr_line' id='line_1_2' title="bbox 1403 412 2361 513; baseline 0.007 -39"><span class='ocrx_word' id='word_1_2' title='bbox 1403 412 1947 513; x_wconf 61' lang='grc' dir='ltr'><strong>ΗῙΞΤΟῙᾘΑΒΠΜ</strong></span> <span class='ocrx_word' id='word_1_3' title='bbox 1986 416 2214 479; x_wconf 82' lang='lat' dir='ltr'><strong>LIBER</strong></span> <span class='ocrx_word' id='word_1_4' title='bbox 2250 418 2361 482; x_wconf 72' lang='grc' dir='ltr'>ΙΙΙ.</span> 
     </span>
    </p>
   </div>
   <div class='ocr_carea' id='block_1_3' title="bbox 3383 421 3521 489">
    <p class='ocr_par' dir='ltr' id='par_1_3' title="bbox 3383 421 3521 489">
     <span class='ocr_line' id='line_1_3' title="bbox 3383 421 3521 489; baseline 0.014 -2"><span class='ocrx_word' id='word_1_5' title='bbox 3383 421 3521 489; x_wconf 75' lang='grc'><strong>1198</strong></span> 
     </span>
    </p>
   </div>
   <div class='ocr_carea' id='block_1_4' title="bbox 261 550 1842 628">
    <p class='ocr_par' dir='ltr' id='par_1_4' title="bbox 261 550 1842 628">
     <span class='ocr_line' id='line_1_4' title="bbox 261 550 1842 628; baseline -0.006 -15"><span class='ocrx_word' id='word_1_6' title='bbox 261 560 402 627; x_wconf 71' lang='grc' dir='ltr'><strong>Νυνὶ</strong></span> <span class='ocrx_word' id='word_1_7' title='bbox 427 558 484 613; x_wconf 77' lang='grc' dir='ltr'><strong>δέ</strong></span> <span class='ocrx_word' id='word_1_8' title='bbox 521 571 616 628; x_wconf 88' lang='grc' dir='ltr'><strong>μοι</strong></span> <span class='ocrx_word' id='word_1_9' title='bbox 644 552 957 611; x_wconf 88' lang='grc' dir='ltr'><strong>τούναντίον</strong></span> <span class='ocrx_word' id='word_1_10' title='bbox 983 552 1131 607; x_wconf 75' lang='grc' dir='ltr'><strong>ἅπαν</strong></span> <span class='ocrx_word' id='word_1_11' title='bbox 1172 550 1459 619; x_wconf 75' lang='grc' dir='ltr'><strong>περιέστη.</strong></span> <span class='ocrx_word' id='word_1_12' title='bbox 1493 551 1620 615; x_wconf 85' lang='grc' dir='ltr'><strong>Τοῖς</strong></span> <span class='ocrx_word' id='word_1_13' title='bbox 1649 566 1708 604; x_wconf 87' lang='grc' dir='ltr'><strong>τε</strong></span> <span class='ocrx_word' id='word_1_14' title='bbox 1734 551 1842 621; x_wconf 78' lang='grc' dir='ltr'><strong>γὰρ</strong></span> 
     </span>
    </p>
   </div>
   <div class='ocr_carea' id='block_1_5' title="bbox 1948 550 3522 628">
    <p class='ocr_par' dir='ltr' id='par_1_5' title="bbox 1948 552 3522 628">
     <span class='ocr_line' id='line_1_5' title="bbox 1948 552 3522 628; baseline 0.007 -19"><span class='ocrx_word' id='word_1_15' title='bbox 1948 552 2073 609; x_wconf 88' lang='lat' dir='ltr'><strong>dicii</strong></span> <span class='ocrx_word' id='word_1_16' title='bbox 2107 556 2395 626; x_wconf 80' lang='lat' dir='ltr'><strong>exprobro.</strong></span> <span class='ocrx_word' id='word_1_17' title='bbox 2429 555 2495 613; x_wconf 79' lang='lat' dir='ltr'><strong>Et</strong></span> <span class='ocrx_word' id='word_1_18' title='bbox 2531 559 2644 628; x_wconf 82' lang='lat' dir='ltr'><strong>jam</strong></span> <span class='ocrx_word' id='word_1_19' title='bbox 2694 557 3034 620; x_wconf 90' lang='lat' dir='ltr'><strong>immutatus.</strong></span> <span class='ocrx_word' id='word_1_20' title='bbox 3093 576 3155 617; x_wconf 79' lang='lat' dir='ltr'><strong>ex</strong></span> <span class='ocrx_word' id='word_1_21' title='bbox 3210 560 3433 617; x_wconf 82' lang='lat' dir='ltr'><strong>inimico</strong></span> <span class='ocrx_word' id='word_1_22' title='bbox 3464 570 3522 619; x_wconf 83' lang='lat' dir='ltr'><strong>et</strong></span> 
     </span>
    </p>
   </div>
   <div class='ocr_carea' id='block_1_6' title="bbox 262 640 1840 722">
    <p class='ocr_par' dir='ltr' id='par_1_6' title="bbox 262 640 1840 722">
     <span class='ocr_line' id='line_1_6' title="bbox 262 640 1840 722; baseline -0.006 -17"><span class='ocrx_word' id='word_1_23' title='bbox 262 649 709 722; x_wconf 76' lang='grc' dir='ltr'><strong>ἐγκωμιάζουσιν</strong></span> <span class='ocrx_word' id='word_1_24' title='bbox 739 647 968 708; x_wconf 78' lang='grc' dir='ltr'><strong>ἐκείνοις</strong></span> <span class='ocrx_word' id='word_1_25' title='bbox 999 643 1100 697; x_wconf 82' lang='grc' dir='ltr'><strong>οὐκ</strong></span> <span class='ocrx_word' id='word_1_26' title='bbox 1129 643 1286 711; x_wconf 83' lang='grc' dir='ltr'><strong>ὀλίγα</strong></span> <span class='ocrx_word' id='word_1_27' title='bbox 1327 642 1639 713; x_wconf 84' lang='grc' dir='ltr'><strong>μέμφομαι,</strong></span> <span class='ocrx_word' id='word_1_28' title='bbox 1669 640 1745 707; x_wconf 82' lang='grc' dir='ltr'><strong>ὡς</strong></span> <span class='ocrx_word' id='word_1_29' title='bbox 1777 642 1840 697; x_wconf 83' lang='grc' dir='ltr'><strong>τὸ</strong></span> 
     </span>
    </p>
   </div>
   <div class='ocr_carea' id='block_1_7' title="bbox 261 729 1839 812">
    <p class='ocr_par' dir='ltr' id='par_1_7' title="bbox 261 729 1839 812">
     <span class='ocr_line' id='line_1_7' title="bbox 261 729 1839 812; baseline -0.006 -15"><span class='ocrx_word' id='word_1_30' title='bbox 261 743 401 798; x_wconf 81' lang='grc' dir='ltr'><strong>πολὺ</strong></span> <span class='ocrx_word' id='word_1_31' title='bbox 438 729 852 812; x_wconf 73' lang='grc' dir='ltr'><strong>συγκρῦπτουσι</strong></span> <span class='ocrx_word' id='word_1_32' title='bbox 901 736 1012 790; x_wconf 83' lang='grc' dir='ltr'><strong>τῶν</strong></span> <span class='ocrx_word' id='word_1_33' title='bbox 1050 734 1291 804; x_wconf 83' lang='grc' dir='ltr'><strong>ἀγαθῶν,</strong></span> <span class='ocrx_word' id='word_1_34' title='bbox 1330 734 1426 787; x_wconf 80' lang='grc' dir='ltr'><strong>καὶ</strong></span> <span class='ocrx_word' id='word_1_35' title='bbox 1478 733 1704 806; x_wconf 78' lang='grc' dir='ltr'><strong>ἐμαυτῴ</strong></span> <span class='ocrx_word' id='word_1_36' title='bbox 1737 735 1839 803; x_wconf 70' lang='grc' dir='ltr'><strong>τῆς</strong></span> 
     </span>
    </p>
   </div>
   <div class='ocr_carea' id='block_1_8' title="bbox 262 824 1839 907">
    <p class='ocr_par' dir='ltr' id='par_1_8' title="bbox 262 824 1839 907">
     <span class='ocr_line' id='line_1_8' title="bbox 262 824 1839 907; baseline -0.009 -17"><span class='ocrx_word' id='word_1_37' title='bbox 262 834 537 907; x_wconf 78' lang='grc' dir='ltr'><strong>ἀκρισίας,</strong></span> <span class='ocrx_word' id='word_1_38' title='bbox 578 834 687 886; x_wconf 69' lang='grc' dir='ltr'><strong>Καὶ</strong></span> <span class='ocrx_word' id='word_1_39' title='bbox 720 831 786 901; x_wconf 84' lang='grc' dir='ltr'><strong>δὴ</strong></span> <span class='ocrx_word' id='word_1_40' title='bbox 824 827 1145 900; x_wconf 84' lang='grc' dir='ltr'><strong>μεταϐαλὼν</strong></span> <span class='ocrx_word' id='word_1_41' title='bbox 1172 827 1294 880; x_wconf 71' lang='grc' dir='ltr'><strong>ἀντὶ</strong></span> <span class='ocrx_word' id='word_1_42' title='bbox 1325 824 1517 897; x_wconf 77' lang='grc' dir='ltr'><strong>ἐχθροῦ</strong></span> <span class='ocrx_word' id='word_1_43' title='bbox 1548 826 1641 880; x_wconf 80' lang='grc' dir='ltr'><strong>καὶ</strong></span> <span class='ocrx_word' id='word_1_44' title='bbox 1671 842 1839 896; x_wconf 86' lang='grc' dir='ltr'><strong>κατη-</strong></span> 
     </span>
    </p>
   </div>
   <div class='ocr_carea' id='block_1_9' title="bbox 262 914 1839 997">
    <p class='ocr_par' dir='ltr' id='par_1_9' title="bbox 262 914 1839 997">
     <span class='ocr_line' id='line_1_9' title="bbox 262 914 1839 997; baseline -0.007 -18"><span class='ocrx_word' id='word_1_45' title='bbox 262 927 450 997; x_wconf 78' lang='grc' dir='ltr'><strong>γόρου,</strong></span> <span class='ocrx_word' id='word_1_46' title='bbox 502 923 611 977; x_wconf 84' lang='grc' dir='ltr'><strong>τῶν</strong></span> <span class='ocrx_word' id='word_1_47' title='bbox 643 938 702 975; x_wconf 89' lang='grc' dir='ltr'><strong>τε</strong></span> <span class='ocrx_word' id='word_1_48' title='bbox 751 922 991 991; x_wconf 78' lang='grc' dir='ltr'><strong>μάλιστα</strong></span> <span class='ocrx_word' id='word_1_49' title='bbox 1036 918 1342 988; x_wconf 76' lang='grc' dir='ltr'><strong>γεγένημαι</strong></span> <span class='ocrx_word' id='word_1_50' title='bbox 1381 916 1701 987; x_wconf 83' lang='grc' dir='ltr'><strong>φιλούντων,</strong></span> <span class='ocrx_word' id='word_1_51' title='bbox 1745 914 1839 969; x_wconf 77' lang='grc' dir='ltr'><strong>καί</strong></span> 
     </span>
    </p>
   </div>
   <div class='ocr_carea' id='block_1_10' title="bbox 265 1008 1839 1084">
    <p class='ocr_par' dir='ltr' id='par_1_10' title="bbox 265 1008 1839 1084">
     <span class='ocr_line' id='line_1_10' title="bbox 265 1008 1839 1084; baseline -0.006 -10"><span class='ocrx_word' id='word_1_52' title='bbox 265 1017 481 1074; x_wconf 78' lang='grc' dir='ltr'><strong>πολλῶν</strong></span> <span class='ocrx_word' id='word_1_53' title='bbox 510 1020 604 1069; x_wconf 69' lang='grc' dir='ltr'><strong>καὶ</strong></span> <span class='ocrx_word' id='word_1_54' title='bbox 638 1013 961 1084; x_wconf 74' lang='grc' dir='ltr'><strong>Θαυμασίων</strong></span> <span class='ocrx_word' id='word_1_55' title='bbox 993 1011 1103 1069; x_wconf 86' lang='grc' dir='ltr'><strong>τῶν</strong></span> <span class='ocrx_word' id='word_1_56' title='bbox 1137 1011 1378 1063; x_wconf 72' lang='grc' dir='ltr'><strong>ἐπαίνων</strong></span> <span class='ocrx_word' id='word_1_57' title='bbox 1415 1008 1620 1079; x_wconf 88' lang='grc' dir='ltr'><strong>κρίνων</strong></span> <span class='ocrx_word' id='word_1_58' title='bbox 1668 1009 1839 1077; x_wconf 77' lang='grc' dir='ltr'><strong>ἄξιον,</strong></span> 
     </span>
    </p>
   </div>
   <div class='ocr_carea' id='block_1_11' title="bbox 244 1097 1841 1183">
    <p class='ocr_par' dir='ltr' id='par_1_11' title="bbox 244 1097 1841 1183">
     <span class='ocr_line' id='line_1_11' title="bbox 244 1097 1841 1183; baseline -0.007 -21"><span class='ocrx_word' id='word_1_59' title='bbox 244 1097 327 1162; x_wconf 52' lang='grc' dir='ltr'><strong>ὀὐ</strong></span> <span class='ocrx_word' id='word_1_60' title='bbox 359 1107 515 1177; x_wconf 73' lang='grc' dir='ltr'><strong>παρὰ</strong></span> <span class='ocrx_word' id='word_1_61' title='bbox 554 1104 849 1183; x_wconf 65' lang='grc' dir='ltr'><strong>Ῥωμαίοις</strong></span> <span class='ocrx_word' id='word_1_62' title='bbox 886 1101 1206 1172; x_wconf 83' lang='grc' dir='ltr'><strong>διατρίϐων,</strong></span> <span class='ocrx_word' id='word_1_63' title='bbox 1238 1098 1374 1155; x_wconf 66' lang='grc' dir='ltr'><strong>ἀλλὰ</strong></span> <span class='ocrx_word' id='word_1_64' title='bbox 1406 1100 1501 1153; x_wconf 77' lang='grc' dir='ltr'><strong>καὶ</strong></span> <span class='ocrx_word' id='word_1_65' title='bbox 1548 1099 1841 1169; x_wconf 82' lang='grc' dir='ltr'><strong>γενόμενος</strong></span> 
     </span>
    </p>
   </div>
   <div class='ocr_carea' id='block_1_12' title="bbox 265 1189 1842 1266">
    <p class='ocr_par' dir='ltr' id='par_1_12' title="bbox 265 1189 1842 1266">
     <span class='ocr_line' id='line_1_12' title="bbox 265 1189 1842 1266; baseline -0.006 -14"><span class='ocrx_word' id='word_1_66' title='bbox 265 1202 346 1262; x_wconf 78' lang='grc' dir='ltr'><strong>εἰς</strong></span> <span class='ocrx_word' id='word_1_67' title='bbox 392 1194 646 1261; x_wconf 84' lang='grc' dir='ltr'><strong>Ἰταλίαν,</strong></span> <span class='ocrx_word' id='word_1_68' title='bbox 674 1197 863 1266; x_wconf 75' lang='grc' dir='ltr'><strong>ὥσπερ</strong></span> <span class='ocrx_word' id='word_1_69' title='bbox 897 1195 1026 1264; x_wconf 82' lang='grc' dir='ltr'><strong>μετ’</strong></span> <span class='ocrx_word' id='word_1_70' title='bbox 1044 1193 1223 1260; x_wconf 81' lang='grc' dir='ltr'><strong>ὀλίγον</strong></span> <span class='ocrx_word' id='word_1_71' title='bbox 1257 1191 1464 1260; x_wconf 80' lang='grc' dir='ltr'><strong>οἴομαι,</strong></span> <span class='ocrx_word' id='word_1_72' title='bbox 1487 1189 1585 1261; x_wconf 77' lang='grc' dir='ltr'><strong>τὴν</strong></span> <span class='ocrx_word' id='word_1_73' title='bbox 1609 1189 1842 1259; x_wconf 69' lang='grc' dir='ltr'><strong>προσοῦ⁸</strong></span> 
     </span>
    </p>
   </div>
   <div class='ocr_carea' id='block_1_13' title="bbox 268 1280 1840 1360">
    <p class='ocr_par' dir='ltr' id='par_1_13' title="bbox 268 1280 1840 1360">
     <span class='ocr_line' id='line_1_13' title="bbox 268 1280 1840 1360; baseline -0.007 -17"><span class='ocrx_word' id='word_1_74' title='bbox 268 1307 367 1345; x_wconf 89' lang='grc' dir='ltr'><strong>σαν</strong></span> <span class='ocrx_word' id='word_1_75' title='bbox 401 1288 795 1360; x_wconf 68' lang='grc' dir='ltr'><strong>μεγα).οφυῖαν,</strong></span> <span class='ocrx_word' id='word_1_76' title='bbox 824 1286 920 1339; x_wconf 71' lang='grc' dir='ltr'><strong>καὶ</strong></span> <span class='ocrx_word' id='word_1_77' title='bbox 971 1284 1069 1352; x_wconf 82' lang='grc' dir='ltr'><strong>τὴν</strong></span> <span class='ocrx_word' id='word_1_78' title='bbox 1114 1280 1565 1353; x_wconf 78' lang='grc' dir='ltr'><strong>εὐγνωμοσύνην,</strong></span> <span class='ocrx_word' id='word_1_79' title='bbox 1601 1280 1697 1333; x_wconf 75' lang='grc' dir='ltr'><strong>καὶ</strong></span> <span class='ocrx_word' id='word_1_80' title='bbox 1739 1280 1840 1350; x_wconf 74' lang='grc' dir='ltr'><strong>τὴν</strong></span> 
     </span>
    </p>
   </div>
   <div class='ocr_carea' id='block_1_14' title="bbox 266 1370 1837 1450">
    <p class='ocr_par' dir='ltr' id='par_1_14' title="bbox 266 1370 1837 1450">
     <span class='ocr_line' id='line_1_14' title="bbox 266 1370 1837 1450; baseline -0.008 -15"><span class='ocrx_word' id='word_1_81' title='bbox 266 1380 683 1450; x_wconf 71' lang='grc' dir='ltr'><strong>ἐπιτηδειότητα</strong></span> <span class='ocrx_word' id='word_1_82' title='bbox 710 1375 843 1446; x_wconf 74' lang='grc' dir='ltr'><strong>πρὸς</strong></span> <span class='ocrx_word' id='word_1_83' title='bbox 879 1376 948 1428; x_wconf 81' lang='grc' dir='ltr'><strong>τὰ</strong></span> <span class='ocrx_word' id='word_1_84' title='bbox 982 1373 1126 1428; x_wconf 79' lang='grc' dir='ltr'><strong>καλὰ</strong></span> <span class='ocrx_word' id='word_1_85' title='bbox 1150 1372 1372 1443; x_wconf 76' lang='grc' dir='ltr'><strong>κηρύξω</strong></span> <span class='ocrx_word' id='word_1_86' title='bbox 1403 1370 1837 1439; x_wconf 34' lang='grc' dir='ltr'><strong>πᾶσισφανερῶς.</strong></span> 
     </span>
    </p>
   </div>
   <div class='ocr_carea' id='block_1_15' title="bbox 268 1460 1840 1541">
    <p class='ocr_par' dir='ltr' id='par_1_15' title="bbox 268 1460 1840 1541">
     <span class='ocr_line' id='line_1_15' title="bbox 268 1460 1840 1541; baseline -0.007 -16"><span class='ocrx_word' id='word_1_87' title='bbox 268 1473 403 1541; x_wconf 83' lang='grc' dir='ltr'><strong>Περί</strong></span> <span class='ocrx_word' id='word_1_88' title='bbox 443 1471 543 1540; x_wconf 83' lang='grc' dir='ltr'><strong>μὲν</strong></span> <span class='ocrx_word' id='word_1_89' title='bbox 573 1468 667 1523; x_wconf 78' lang='grc' dir='ltr'><strong>οὖν</strong></span> <span class='ocrx_word' id='word_1_90' title='bbox 708 1468 814 1520; x_wconf 62' lang='lat' dir='ltr'><strong>:th</strong></span> <span class='ocrx_word' id='word_1_91' title='bbox 867 1466 1010 1520; x_wconf 76' lang='grc' dir='ltr'><strong>κατὰ</strong></span> <span class='ocrx_word' id='word_1_92' title='bbox 1069 1466 1159 1518; x_wconf 73' lang='grc' dir='ltr'><strong>τὸν</strong></span> <span class='ocrx_word' id='word_1_93' title='bbox 1213 1464 1449 1535; x_wconf 78' lang='grc' dir='ltr'><strong>πόλεμον</strong></span> <span class='ocrx_word' id='word_1_94' title='bbox 1485 1464 1737 1517; x_wconf 83' lang='grc' dir='ltr'><strong>ἁπάντων</strong></span> <span class='ocrx_word' id='word_1_95' title='bbox 1766 1460 1840 1523; x_wconf 82' lang='grc' dir='ltr'><strong>ὡς</strong></span> 
     </span>
    </p>
   </div>
   <div class='ocr_carea' id='block_1_16' title="bbox 266 1553 1841 1631">
    <p class='ocr_par' dir='ltr' id='par_1_16' title="bbox 266 1553 1841 1631">
     <span class='ocr_line' id='line_1_16' title="bbox 266 1553 1841 1631; baseline -0.008 -16"><span class='ocrx_word' id='word_1_96' title='bbox 266 1564 436 1624; x_wconf 59' lang='grc' dir='ltr'><strong>εὐθὺς,</strong></span> <span class='ocrx_word' id='word_1_97' title='bbox 463 1562 522 1628; x_wconf 78' lang='grc' dir='ltr'>ἐξ</span> <span class='ocrx_word' id='word_1_98' title='bbox 549 1561 726 1631; x_wconf 78' lang='grc' dir='ltr'><strong>ἀρχῆς</strong></span> <span class='ocrx_word' id='word_1_99' title='bbox 756 1559 883 1629; x_wconf 81' lang='grc' dir='ltr'><strong>ἄχρι</strong></span> <span class='ocrx_word' id='word_1_100' title='bbox 913 1557 1008 1609; x_wconf 79' lang='grc' dir='ltr'><strong>νῦν</strong></span> <span class='ocrx_word' id='word_1_101' title='bbox 1062 1555 1322 1626; x_wconf 61' lang='grc' dir='ltr'><strong>οὐδεμίαν</strong></span> <span class='ocrx_word' id='word_1_102' title='bbox 1365 1556 1642 1624; x_wconf 74' lang='grc' dir='ltr'><strong>πρόφασιν</strong></span> <span class='ocrx_word' id='word_1_103' title='bbox 1681 1553 1841 1614; x_wconf 73' lang='grc' dir='ltr'><strong>αὐτὸς</strong></span> 
     </span>
    </p>
   </div>
   <div class='ocr_carea' id='block_1_17' title="bbox 266 1644 1843 1725">
    <p class='ocr_par' dir='ltr' id='par_1_17' title="bbox 266 1644 1843 1725">
     <span class='ocr_line' id='line_1_17' title="bbox 266 1644 1843 1725; baseline -0.009 -16"><span class='ocrx_word' id='word_1_104' title='bbox 266 1655 570 1725; x_wconf 79' lang='grc' dir='ltr'><strong>παρέσχες.</strong></span> <span class='ocrx_word' id='word_1_105' title='bbox 595 1651 710 1705; x_wconf 82' lang='grc' dir='ltr'>ἀλλ’</span> <span class='ocrx_word' id='word_1_106' title='bbox 738 1652 887 1705; x_wconf 82' lang='grc' dir='ltr'><strong>ἄκων</strong></span> <span class='ocrx_word' id='word_1_107' title='bbox 914 1650 1009 1702; x_wconf 71' lang='grc' dir='ltr'><strong>ἐπὶ</strong></span> <span class='ocrx_word' id='word_1_108' title='bbox 1036 1647 1210 1701; x_wconf 80' lang='grc' dir='ltr'><strong>ταῦτα</strong></span> <span class='ocrx_word' id='word_1_109' title='bbox 1235 1646 1372 1718; x_wconf 81' lang='grc' dir='ltr'><strong>πρὸς</strong></span> <span class='ocrx_word' id='word_1_110' title='bbox 1400 1647 1510 1700; x_wconf 80' lang='grc' dir='ltr'><strong>τῶν</strong></span> <span class='ocrx_word' id='word_1_111' title='bbox 1544 1644 1843 1716; x_wconf 79' lang='grc' dir='ltr'><strong>πολεμούν-</strong></span> 
     </span>
    </p>
   </div>
   <div class='ocr_carea' id='block_1_18' title="bbox 264 1736 1846 1812">
    <p class='ocr_par' dir='ltr' id='par_1_18' title="bbox 264 1736 1846 1812">
     <span class='ocr_line' id='line_1_18' title="bbox 264 1736 1846 1812; baseline -0.007 -13"><span class='ocrx_word' id='word_1_112' title='bbox 264 1744 644 1812; x_wconf 65' lang='grc' dir='ltr'><strong>τωψσυνωθῇ.</strong></span> <span class='ocrx_word' id='word_1_113' title='bbox 680 1740 983 1809; x_wconf 80' lang='grc' dir='ltr'><strong>πέπεισμαί</strong></span> <span class='ocrx_word' id='word_1_114' title='bbox 1014 1757 1072 1792; x_wconf 91' lang='grc' dir='ltr'><strong>τε</strong></span> <span class='ocrx_word' id='word_1_115' title='bbox 1111 1737 1380 1809; x_wconf 80' lang='grc' dir='ltr'><strong>ἀκριϐῶς,</strong></span> <span class='ocrx_word' id='word_1_116' title='bbox 1433 1738 1528 1791; x_wconf 77' lang='grc' dir='ltr'><strong>καί</strong></span> <span class='ocrx_word' id='word_1_117' title='bbox 1566 1737 1699 1807; x_wconf 69' lang='grc' dir='ltr'><strong>πρὸς</strong></span> <span class='ocrx_word' id='word_1_118' title='bbox 1752 1736 1846 1789; x_wconf 83' lang='grc' dir='ltr'><strong>ἄλ-</strong></span> 
     </span>
    </p>
   </div>
   <div class='ocr_carea' id='block_1_19' title="bbox 264 1828 1844 1909">
    <p class='ocr_par' dir='ltr' id='par_1_19' title="bbox 264 1828 1844 1909">
     <span class='ocr_line' id='line_1_19' title="bbox 264 1828 1844 1909; baseline -0.008 -19"><span class='ocrx_word' id='word_1_119' title='bbox 264 1838 394 1900; x_wconf 88' lang='grc' dir='ltr'><strong>λους</strong></span> <span class='ocrx_word' id='word_1_120' title='bbox 434 1833 705 1909; x_wconf 78' lang='grc' dir='ltr'><strong>ὑπὲρσοῦ</strong></span> <span class='ocrx_word' id='word_1_121' title='bbox 756 1831 1099 1902; x_wconf 77' lang='grc' dir='ltr'><strong>διαλεχθείην</strong></span> <span class='ocrx_word' id='word_1_122' title='bbox 1150 1831 1217 1883; x_wconf 88' lang='grc' dir='ltr'><strong>ἂν</strong></span> <span class='ocrx_word' id='word_1_123' title='bbox 1254 1829 1436 1894; x_wconf 81' lang='grc' dir='ltr'><strong>αὐτός,</strong></span> <span class='ocrx_word' id='word_1_124' title='bbox 1484 1828 1646 1882; x_wconf 69' lang='grc' dir='ltr'><strong>Ἐπεὶ</strong></span> <span class='ocrx_word' id='word_1_125' title='bbox 1666 1828 1711 1880; x_wconf 84' lang='grc' dir='ltr'><strong>δ’</strong></span> <span class='ocrx_word' id='word_1_126' title='bbox 1746 1830 1844 1881; x_wconf 70' lang='grc' dir='ltr'><strong>αἱ-</strong></span> 
     </span>
    </p>
   </div>
   <div class='ocr_carea' id='block_1_20' title="bbox 1945 649 3521 726">
    <p class='ocr_par' dir='ltr' id='par_1_20' title="bbox 1945 649 3521 726">
     <span class='ocr_line' id='line_1_20' title="bbox 1945 649 3521 726; baseline 0.005 -25"><span class='ocrx_word' id='word_1_127' title='bbox 1945 655 2267 702; x_wconf 77' lang='lat' dir='ltr'><strong>accusatore</strong></span> <span class='ocrx_word' id='word_1_128' title='bbox 2310 649 2459 705; x_wconf 84' lang='lat' dir='ltr'><strong>evasi</strong></span> <span class='ocrx_word' id='word_1_129' title='bbox 2504 651 2892 718; x_wconf 83' lang='lat' dir='ltr'><strong>amicissimus,</strong></span> <span class='ocrx_word' id='word_1_130' title='bbox 2930 665 3091 726; x_wconf 88' lang='lat' dir='ltr'><strong>teque</strong></span> <span class='ocrx_word' id='word_1_131' title='bbox 3136 655 3410 726; x_wconf 71' lang='lat' dir='ltr'><strong>praclaris</strong></span> <span class='ocrx_word' id='word_1_132' title='bbox 3436 655 3521 709; x_wconf 84' lang='lat' dir='ltr'><strong>di—</strong></span> 
     </span>
    </p>
   </div>
   <div class='ocr_carea' id='block_1_21' title="bbox 1944 738 3521 817">
    <p class='ocr_par' dir='ltr' id='par_1_21' title="bbox 1944 738 3521 817">
     <span class='ocr_line' id='line_1_21' title="bbox 1944 738 3521 817; baseline 0.003 -23"><span class='ocrx_word' id='word_1_133' title='bbox 1944 738 2385 810; x_wconf 76' lang='lat' dir='ltr'><strong>gnumlaudibns</strong></span> <span class='ocrx_word' id='word_1_134' title='bbox 2412 739 2648 811; x_wconf 85' lang='lat' dir='ltr'><strong>judico:</strong></span> <span class='ocrx_word' id='word_1_135' title='bbox 2692 759 2795 800; x_wconf 89' lang='lat' dir='ltr'><strong>nec</strong></span> <span class='ocrx_word' id='word_1_136' title='bbox 2844 748 3019 802; x_wconf 87' lang='lat' dir='ltr'><strong>solum</strong></span> <span class='ocrx_word' id='word_1_137' title='bbox 3078 745 3323 817; x_wconf 87' lang='lat' dir='ltr'><strong>quandiu</strong></span> <span class='ocrx_word' id='word_1_138' title='bbox 3374 742 3521 816; x_wconf 83' lang='lat' dir='ltr'><strong>apud</strong></span> 
     </span>
    </p>
   </div>
   <div class='ocr_carea' id='block_1_22' title="bbox 1947 830 3522 911">
    <p class='ocr_par' dir='ltr' id='par_1_22' title="bbox 1947 830 3522 911">
     <span class='ocr_line' id='line_1_22' title="bbox 1947 830 3522 911; baseline 0.006 -28"><span class='ocrx_word' id='word_1_139' title='bbox 1947 830 2224 887; x_wconf 72' lang='lat' dir='ltr'><strong>Romanos</strong></span> <span class='ocrx_word' id='word_1_140' title='bbox 2247 842 2391 899; x_wconf 82' lang='lat' dir='ltr'><strong>sum,</strong></span> <span class='ocrx_word' id='word_1_141' title='bbox 2415 835 2509 889; x_wconf 83' lang='lat' dir='ltr'><strong>sed</strong></span> <span class='ocrx_word' id='word_1_142' title='bbox 2554 835 2606 889; x_wconf 89' lang='lat' dir='ltr'><strong>in</strong></span> <span class='ocrx_word' id='word_1_143' title='bbox 2647 835 2800 891; x_wconf 84' lang='lat' dir='ltr'><strong>Italia</strong></span> <span class='ocrx_word' id='word_1_144' title='bbox 2833 853 3070 908; x_wconf 86' lang='lat' dir='ltr'><strong>quoque,</strong></span> <span class='ocrx_word' id='word_1_145' title='bbox 3104 852 3214 911; x_wconf 84' lang='lat' dir='ltr'><strong>quo</strong></span> <span class='ocrx_word' id='word_1_146' title='bbox 3246 836 3399 895; x_wconf 83' lang='lat' dir='ltr'><strong>brevi</strong></span> <span class='ocrx_word' id='word_1_147' title='bbox 3433 850 3522 892; x_wconf 85' lang='lat' dir='ltr'><strong>me</strong></span> 
     </span>
    </p>
   </div>
   <div class='ocr_carea' id='block_1_23' title="bbox 1946 921 3521 996">
    <p class='ocr_par' dir='ltr' id='par_1_23' title="bbox 1946 921 3521 996">
     <span class='ocr_line' id='line_1_23' title="bbox 1946 921 3521 996; baseline 0.004 -21"><span class='ocrx_word' id='word_1_148' title='bbox 1946 921 2320 992; x_wconf 88' lang='lat' dir='ltr'><strong>profecturum</strong></span> <span class='ocrx_word' id='word_1_149' title='bbox 2396 926 2590 994; x_wconf 78' lang='lat' dir='ltr'><strong>Opinor</strong></span> <span class='ocrx_word' id='word_1_150' title='bbox 2621 968 2638 993; x_wconf 92' lang='lat'><strong>,</strong></span> <span class='ocrx_word' id='word_1_151' title='bbox 2699 928 3044 984; x_wconf 88' lang='lat' dir='ltr'><strong>altitudinem</strong></span> <span class='ocrx_word' id='word_1_152' title='bbox 3102 936 3158 983; x_wconf 88' lang='lat' dir='ltr'><strong>et</strong></span> <span class='ocrx_word' id='word_1_153' title='bbox 3207 927 3521 996; x_wconf 67' lang='lat' dir='ltr'><strong>aquitatem</strong></span> 
     </span>
    </p>
   </div>
   <div class='ocr_carea' id='block_1_24' title="bbox 1948 1012 3519 1093">
    <p class='ocr_par' dir='ltr' id='par_1_24' title="bbox 1948 1012 3519 1093">
     <span class='ocr_line' id='line_1_24' title="bbox 1948 1012 3519 1093; baseline 0.005 -26"><span class='ocrx_word' id='word_1_154' title='bbox 1948 1012 2115 1069; x_wconf 89' lang='lat' dir='ltr'><strong>animi</strong></span> <span class='ocrx_word' id='word_1_155' title='bbox 2165 1016 2267 1080; x_wconf 91' lang='lat' dir='ltr'><strong>tui,</strong></span> <span class='ocrx_word' id='word_1_156' title='bbox 2332 1026 2388 1071; x_wconf 91' lang='lat' dir='ltr'><strong>et</strong></span> <span class='ocrx_word' id='word_1_157' title='bbox 2422 1018 2488 1071; x_wconf 88' lang='lat' dir='ltr'><strong>ad</strong></span> <span class='ocrx_word' id='word_1_158' title='bbox 2544 1033 2634 1075; x_wconf 86' lang='lat' dir='ltr'><strong>res</strong></span> <span class='ocrx_word' id='word_1_159' title='bbox 2691 1023 2935 1093; x_wconf 67' lang='lat' dir='ltr'><strong>egregias</strong></span> <span class='ocrx_word' id='word_1_160' title='bbox 2971 1028 3224 1076; x_wconf 84' lang='lat' dir='ltr'><strong>naturam</strong></span> <span class='ocrx_word' id='word_1_161' title='bbox 3273 1020 3519 1076; x_wconf 86' lang='lat' dir='ltr'><strong>idoneam</strong></span> 
     </span>
    </p>
   </div>
   <div class='ocr_carea' id='block_1_25' title="bbox 1946 1106 3520 1184">
    <p class='ocr_par' dir='ltr' id='par_1_25' title="bbox 1946 1106 3520 1184">
     <span class='ocr_line' id='line_1_25' title="bbox 1946 1106 3520 1184; baseline 0.004 -23"><span class='ocrx_word' id='word_1_162' title='bbox 1946 1106 2090 1176; x_wconf 83' lang='lat' dir='ltr'><strong>apud</strong></span> <span class='ocrx_word' id='word_1_163' title='bbox 2117 1123 2308 1162; x_wconf 83' lang='lat' dir='ltr'><strong>omnes</strong></span> <span class='ocrx_word' id='word_1_164' title='bbox 2372 1109 2545 1179; x_wconf 82' lang='lat' dir='ltr'><strong>palam</strong></span> <span class='ocrx_word' id='word_1_165' title='bbox 2607 1112 3006 1181; x_wconf 71' lang='lat' dir='ltr'><strong>depraedieabo.</strong></span> <span class='ocrx_word' id='word_1_166' title='bbox 3059 1114 3210 1183; x_wconf 80' lang='lat' dir='ltr'><strong>Quod</strong></span> <span class='ocrx_word' id='word_1_167' title='bbox 3263 1112 3425 1184; x_wconf 79' lang='lat' dir='ltr'><strong>igitur</strong></span> <span class='ocrx_word' id='word_1_168' title='bbox 3453 1115 3520 1168; x_wconf 89' lang='lat' dir='ltr'><strong>ad</strong></span> 
     </span>
    </p>
   </div>
   <div class='ocr_carea' id='block_1_26' title="bbox 1950 1198 3524 1276">
    <p class='ocr_par' dir='ltr' id='par_1_26' title="bbox 1950 1198 3524 1276">
     <span class='ocr_line' id='line_1_26' title="bbox 1950 1198 3524 1276; baseline 0.005 -23"><span class='ocrx_word' id='word_1_169' title='bbox 1950 1198 2148 1253; x_wconf 83' lang='lat' dir='ltr'><strong>bellum</strong></span> <span class='ocrx_word' id='word_1_170' title='bbox 2181 1200 2398 1265; x_wconf 81' lang='lat' dir='ltr'><strong>attinet,</strong></span> <span class='ocrx_word' id='word_1_171' title='bbox 2419 1218 2448 1256; x_wconf 92' lang='lat' dir='ltr'><strong>a</strong></span> <span class='ocrx_word' id='word_1_172' title='bbox 2467 1202 2739 1274; x_wconf 90' lang='lat' dir='ltr'><strong>principio</strong></span> <span class='ocrx_word' id='word_1_173' title='bbox 2768 1206 3049 1276; x_wconf 84' lang='lat' dir='ltr'><strong>hucusque</strong></span> <span class='ocrx_word' id='word_1_174' title='bbox 3073 1206 3276 1263; x_wconf 88' lang='lat' dir='ltr'><strong>nullam</strong></span> <span class='ocrx_word' id='word_1_175' title='bbox 3303 1205 3524 1276; x_wconf 79' lang='lat' dir='ltr'><strong>penitus</strong></span> 
     </span>
    </p>
   </div>
   <div class='ocr_carea' id='block_1_27' title="bbox 1946 1283 3523 1369">
    <p class='ocr_par' dir='ltr' id='par_1_27' title="bbox 1946 1283 3523 1369">
     <span class='ocr_line' id='line_1_27' title="bbox 1946 1283 3523 1369; baseline 0.004 -20"><span class='ocrx_word' id='word_1_176' title='bbox 1946 1305 2164 1349; x_wconf 86' lang='lat' dir='ltr'><strong>causam</strong></span> <span class='ocrx_word' id='word_1_177' title='bbox 2197 1293 2315 1362; x_wconf 89' lang='lat' dir='ltr'><strong>ipse</strong></span> <span class='ocrx_word' id='word_1_178' title='bbox 2346 1283 2625 1364; x_wconf 70' lang='lat' dir='ltr'><strong>praebuisti</strong></span> <span class='ocrx_word' id='word_1_179' title='bbox 2661 1337 2677 1361; x_wconf 96' lang='lat'><strong>,</strong></span> <span class='ocrx_word' id='word_1_180' title='bbox 2706 1297 2877 1369; x_wconf 76' lang='lat'><strong>638</strong></span> <span class='ocrx_word' id='word_1_181' title='bbox 2894 1302 2989 1355; x_wconf 87' lang='lat' dir='ltr'><strong>sed</strong></span> <span class='ocrx_word' id='word_1_182' title='bbox 3013 1302 3215 1355; x_wconf 88' lang='lat' dir='ltr'><strong>invitus</strong></span> <span class='ocrx_word' id='word_1_183' title='bbox 3248 1301 3317 1354; x_wconf 89' lang='lat' dir='ltr'><strong>ab</strong></span> <span class='ocrx_word' id='word_1_184' title='bbox 3344 1301 3523 1355; x_wconf 87' lang='lat' dir='ltr'><strong>hosti-</strong></span> 
     </span>
    </p>
   </div>
   <div class='ocr_carea' id='block_1_28' title="bbox 1948 1380 3525 1462">
    <p class='ocr_par' dir='ltr' id='par_1_28' title="bbox 1948 1380 3525 1462">
     <span class='ocr_line' id='line_1_28' title="bbox 1948 1380 3525 1462; baseline 0.006 -26"><span class='ocrx_word' id='word_1_185' title='bbox 1948 1380 2052 1437; x_wconf 86' lang='lat' dir='ltr'><strong>bus</strong></span> <span class='ocrx_word' id='word_1_186' title='bbox 2081 1385 2147 1438; x_wconf 89' lang='lat' dir='ltr'><strong>ad</strong></span> <span class='ocrx_word' id='word_1_187' title='bbox 2178 1399 2333 1439; x_wconf 85' lang='lat' dir='ltr'><strong>arma</strong></span> <span class='ocrx_word' id='word_1_188' title='bbox 2356 1388 2670 1457; x_wconf 85' lang='lat' dir='ltr'><strong>compulsus</strong></span> <span class='ocrx_word' id='word_1_189' title='bbox 2697 1404 2791 1455; x_wconf 87' lang='lat' dir='ltr'><strong>es;</strong></span> <span class='ocrx_word' id='word_1_190' title='bbox 2850 1390 2995 1459; x_wconf 86' lang='lat' dir='ltr'><strong>quod</strong></span> <span class='ocrx_word' id='word_1_191' title='bbox 3026 1392 3160 1447; x_wconf 87' lang='lat' dir='ltr'><strong>mihi</strong></span> <span class='ocrx_word' id='word_1_192' title='bbox 3189 1393 3352 1462; x_wconf 81' lang='lat' dir='ltr'><strong>plane</strong></span> <span class='ocrx_word' id='word_1_193' title='bbox 3407 1409 3525 1462; x_wconf 87' lang='lat' dir='ltr'><strong>per-</strong></span> 
     </span>
    </p>
   </div>
   <div class='ocr_carea' id='block_1_29' title="bbox 1949 1470 3524 1548">
    <p class='ocr_par' dir='ltr' id='par_1_29' title="bbox 1949 1470 3524 1548">
     <span class='ocr_line' id='line_1_29' title="bbox 1949 1470 3524 1548; baseline 0.009 -25"><span class='ocrx_word' id='word_1_194' title='bbox 1949 1470 2174 1535; x_wconf 84' lang='lat' dir='ltr'><strong>suadeo,</strong></span> <span class='ocrx_word' id='word_1_195' title='bbox 2207 1482 2264 1527; x_wconf 93' lang='lat' dir='ltr'><strong>et</strong></span> <span class='ocrx_word' id='word_1_196' title='bbox 2299 1476 2350 1529; x_wconf 87' lang='lat' dir='ltr'><strong>id</strong></span> <span class='ocrx_word' id='word_1_197' title='bbox 2376 1475 2519 1546; x_wconf 86' lang='lat' dir='ltr'><strong>apud</strong></span> <span class='ocrx_word' id='word_1_198' title='bbox 2557 1477 2694 1532; x_wconf 89' lang='lat' dir='ltr'><strong>alios</strong></span> <span class='ocrx_word' id='word_1_199' title='bbox 2722 1494 2821 1548; x_wconf 86' lang='lat' dir='ltr'><strong>pro</strong></span> <span class='ocrx_word' id='word_1_200' title='bbox 2857 1488 2909 1534; x_wconf 89' lang='lat' dir='ltr'><strong>te</strong></span> <span class='ocrx_word' id='word_1_201' title='bbox 2937 1481 3184 1536; x_wconf 86' lang='lat' dir='ltr'><strong>confiteri</strong></span> <span class='ocrx_word' id='word_1_202' title='bbox 3224 1499 3332 1537; x_wconf 91' lang='lat' dir='ltr'><strong>non</strong></span> <span class='ocrx_word' id='word_1_203' title='bbox 3360 1482 3524 1536; x_wconf 87' lang='lat' dir='ltr'><strong>dubi-</strong></span> 
     </span>
    </p>
   </div>
   <div class='ocr_carea' id='block_1_30' title="bbox 1949 1562 3525 1641">
    <p class='ocr_par' dir='ltr' id='par_1_30' title="bbox 1949 1562 3525 1641">
     <span class='ocr_line' id='line_1_30' title="bbox 1949 1562 3525 1641; baseline 0.008 -26"><span class='ocrx_word' id='word_1_204' title='bbox 1949 1563 2093 1616; x_wconf 87' lang='lat' dir='ltr'><strong>tabo.</strong></span> <span class='ocrx_word' id='word_1_205' title='bbox 2118 1562 2252 1630; x_wconf 87' lang='lat' dir='ltr'><strong>Quia</strong></span> <span class='ocrx_word' id='word_1_206' title='bbox 2284 1581 2415 1621; x_wconf 88' lang='lat' dir='ltr'><strong>vero</strong></span> <span class='ocrx_word' id='word_1_207' title='bbox 2484 1567 2551 1622; x_wconf 90' lang='lat' dir='ltr'><strong>de</strong></span> <span class='ocrx_word' id='word_1_208' title='bbox 2609 1569 2864 1624; x_wconf 88' lang='lat' dir='ltr'><strong>omnibus</strong></span> <span class='ocrx_word' id='word_1_209' title='bbox 2911 1586 3031 1641; x_wconf 81' lang='lat' dir='ltr'><strong>quae</strong></span> <span class='ocrx_word' id='word_1_210' title='bbox 3065 1574 3329 1628; x_wconf 75' lang='lat' dir='ltr'><strong>vellemus</strong></span> <span class='ocrx_word' id='word_1_211' title='bbox 3353 1574 3525 1627; x_wconf 82' lang='lat' dir='ltr'><strong>libere</strong></span> 
     </span>
    </p>
   </div>
   <div class='ocr_carea' id='block_1_31' title="bbox 1950 1654 3527 1733">
    <p class='ocr_par' dir='ltr' id='par_1_31' title="bbox 1950 1654 3527 1733">
     <span class='ocr_line' id='line_1_31' title="bbox 1950 1654 3527 1733; baseline 0.009 -25"><span class='ocrx_word' id='word_1_212' title='bbox 1950 1654 2271 1727; x_wconf 60' lang='lat' dir='ltr'><strong>interregni</strong></span> <span class='ocrx_word' id='word_1_213' title='bbox 2303 1668 2350 1711; x_wconf 88' lang='lat' dir='ltr'><strong>te</strong></span> <span class='ocrx_word' id='word_1_214' title='bbox 2367 1659 2602 1729; x_wconf 65' lang='lat' dir='ltr'><strong>iussisti,</strong></span> <span class='ocrx_word' id='word_1_215' title='bbox 2619 1660 2742 1729; x_wconf 86' lang='lat' dir='ltr'><strong>quis</strong></span> <span class='ocrx_word' id='word_1_216' title='bbox 2771 1670 2877 1724; x_wconf 91' lang='lat' dir='ltr'><strong>est,</strong></span> <span class='ocrx_word' id='word_1_217' title='bbox 2900 1678 3109 1733; x_wconf 61' lang='lat' dir='ltr'><strong>quaeso,</strong></span> <span class='ocrx_word' id='word_1_218' title='bbox 3133 1673 3257 1721; x_wconf 92' lang='lat' dir='ltr'><strong>tuus</strong></span> <span class='ocrx_word' id='word_1_219' title='bbox 3280 1682 3425 1720; x_wconf 90' lang='lat' dir='ltr'><strong>nunc</strong></span> <span class='ocrx_word' id='word_1_220' title='bbox 3454 1664 3527 1722; x_wconf 77' lang='lat' dir='ltr'><strong>de</strong></span> 
     </span>
    </p>
   </div>
   <div class='ocr_carea' id='block_1_32' title="bbox 1948 1752 3525 1831">
    <p class='ocr_par' dir='ltr' id='par_1_32' title="bbox 1948 1752 3525 1831">
     <span class='ocr_line' id='line_1_32' title="bbox 1948 1752 3525 1831; baseline 0.008 -28"><span class='ocrx_word' id='word_1_221' title='bbox 1948 1764 2083 1818; x_wconf 86' lang='lat' dir='ltr'><strong>pace</strong></span> <span class='ocrx_word' id='word_1_222' title='bbox 2114 1752 2349 1807; x_wconf 59' lang='lat' dir='ltr'><strong>srnsus?</strong></span> <span class='ocrx_word' id='word_1_223' title='bbox 2373 1768 2441 1807; x_wconf 85' lang='lat' dir='ltr'><strong>an</strong></span> <span class='ocrx_word' id='word_1_224' title='bbox 2471 1753 2516 1809; x_wconf 88' lang='lat' dir='ltr'><strong>si</strong></span> <span class='ocrx_word' id='word_1_225' title='bbox 2540 1753 2620 1807; x_wconf 88' lang='lat' dir='ltr'><strong>illi</strong></span> <span class='ocrx_word' id='word_1_226' title='bbox 2658 1770 2873 1825; x_wconf 61' lang='lat' dir='ltr'><strong>aequum</strong></span> <span class='ocrx_word' id='word_1_227' title='bbox 2915 1758 3303 1825; x_wconf 82' lang='lat' dir='ltr'><strong>respondeant,</strong></span> <span class='ocrx_word' id='word_1_228' title='bbox 3337 1775 3525 1831; x_wconf 88' lang='lat' dir='ltr'><strong>prom-</strong></span> 
     </span>
    </p>
   </div>
   <div class='ocr_carea' id='block_1_33' title="bbox 1952 1845 3529 1922">
    <p class='ocr_par' dir='ltr' id='par_1_33' title="bbox 1952 1845 3529 1922">
     <span class='ocr_line' id='line_1_33' title="bbox 1952 1845 3529 1922; baseline 0.007 -27"><span class='ocrx_word' id='word_1_229' title='bbox 1952 1852 2041 1910; x_wconf 83' lang='lat' dir='ltr'><strong>pte</strong></span> <span class='ocrx_word' id='word_1_230' title='bbox 2074 1857 2194 1898; x_wconf 88' lang='lat' dir='ltr'><strong>eam</strong></span> <span class='ocrx_word' id='word_1_231' title='bbox 2222 1845 2404 1899; x_wconf 84' lang='lat' dir='ltr'><strong>coles?</strong></span> <span class='ocrx_word' id='word_1_232' title='bbox 2438 1862 2507 1900; x_wconf 91' lang='lat' dir='ltr'><strong>an</strong></span> <span class='ocrx_word' id='word_1_233' title='bbox 2553 1861 2743 1902; x_wconf 90' lang='lat' dir='ltr'><strong>eorum</strong></span> <span class='ocrx_word' id='word_1_234' title='bbox 2789 1848 3116 1919; x_wconf 81' lang='lat' dir='ltr'><strong>improbitas</strong></span> <span class='ocrx_word' id='word_1_235' title='bbox 3145 1851 3296 1915; x_wconf 85' lang='lat' dir='ltr'><strong>facit,</strong></span> <span class='ocrx_word' id='word_1_236' title='bbox 3331 1860 3390 1905; x_wconf 91' lang='lat' dir='ltr'><strong>ut</strong></span> <span class='ocrx_word' id='word_1_237' title='bbox 3430 1868 3529 1922; x_wconf 82' lang='lat' dir='ltr'><strong>pa-</strong></span> 
     </span>
    </p>
   </div>
   <div class='ocr_carea' id='block_1_34' title="bbox 264 1915 1842 2012">
    <p class='ocr_par' dir='ltr' id='par_1_34' title="bbox 264 1915 1842 1994">
     <span class='ocr_line' id='line_1_34' title="bbox 264 1915 1842 1994; baseline -0.004 -13"><span class='ocrx_word' id='word_1_238' title='bbox 264 1928 357 1993; x_wconf 80' lang='grc' dir='ltr'><strong>τὸς</strong></span> <span class='ocrx_word' id='word_1_239' title='bbox 389 1926 682 1993; x_wconf 64' lang='grc' dir='ltr'><strong>ἐκέλευσας</strong></span> <span class='ocrx_word' id='word_1_240' title='bbox 715 1925 844 1994; x_wconf 77' lang='grc' dir='ltr'><strong>περὶ</strong></span> <span class='ocrx_word' id='word_1_241' title='bbox 864 1924 1114 1981; x_wconf 76' lang='grc' dir='ltr'><strong>πάντων.</strong></span> <span class='ocrx_word' id='word_1_242' title='bbox 1145 1915 1219 1974; x_wconf 82' lang='grc' dir='ltr'><strong>ὧν</strong></span> <span class='ocrx_word' id='word_1_243' title='bbox 1248 1920 1314 1975; x_wconf 82' lang='grc' dir='ltr'><strong>ἂν</strong></span> <span class='ocrx_word' id='word_1_244' title='bbox 1357 1919 1609 1991; x_wconf 80' lang='grc' dir='ltr'><strong>θέλοιμεν</strong></span> <span class='ocrx_word' id='word_1_245' title='bbox 1640 1921 1842 1974; x_wconf 78' lang='grc' dir='ltr'><strong>πυνθα-</strong></span> 
     </span>
    </p>
   </div>
   <div class='ocr_carea' id='block_1_35' title="bbox 1948 1915 3528 2012">
    <p class='ocr_par' dir='ltr' id='par_1_35' title="bbox 1948 1915 3528 2012">
     <span class='ocr_line' id='line_1_35' title="bbox 1948 1915 3528 2012; baseline 0.008 -26"><span class='ocrx_word' id='word_1_246' title='bbox 1948 1932 2269 1992; x_wconf 84' lang='lat' dir='ltr'><strong>cificationis</strong></span> <span class='ocrx_word' id='word_1_247' title='bbox 2306 1948 2459 2005; x_wconf 85' lang='lat' dir='ltr'><strong>spem</strong></span> <span class='ocrx_word' id='word_1_248' title='bbox 2491 1950 2710 1993; x_wconf 87' lang='lat' dir='ltr'><strong>omnem</strong></span> <span class='ocrx_word' id='word_1_249' title='bbox 2762 1915 3052 2010; x_wconf 76' lang='lat' dir='ltr'><strong>repudies?</strong></span> <span class='ocrx_word' id='word_1_250' title='bbox 3105 1943 3406 2012; x_wconf 87' lang='lat' dir='ltr'><strong>Imperator</strong></span> <span class='ocrx_word' id='word_1_251' title='bbox 3430 1915 3528 1998; x_wconf 53' lang='grc' dir='ltr'><strong>Ἰἰ-</strong></span> 
     </span>
    </p>
   </div>
   <div class='ocr_carea' id='block_1_36' title="bbox 267 2013 1841 2087">
    <p class='ocr_par' dir='ltr' id='par_1_36' title="bbox 267 2013 1841 2087">
     <span class='ocr_line' id='line_1_36' title="bbox 267 2013 1841 2087; baseline -0.008 -11"><span class='ocrx_word' id='word_1_252' title='bbox 267 2020 456 2076; x_wconf 84' lang='grc' dir='ltr'><strong>νεσθαί</strong></span> <span class='ocrx_word' id='word_1_253' title='bbox 476 2037 579 2075; x_wconf 90' lang='grc' dir='ltr'><strong>σου</strong></span> <span class='ocrx_word' id='word_1_254' title='bbox 615 2018 809 2081; x_wconf 69' lang='grc' dir='ltr'><strong>ἀδεῶς,</strong></span> <span class='ocrx_word' id='word_1_255' title='bbox 836 2016 889 2069; x_wconf 89' lang='grc' dir='ltr'><strong>τί</strong></span> <span class='ocrx_word' id='word_1_256' title='bbox 920 2014 1051 2087; x_wconf 74' lang='grc' dir='ltr'><strong>περὶ</strong></span> <span class='ocrx_word' id='word_1_257' title='bbox 1089 2015 1185 2084; x_wconf 81' lang='grc' dir='ltr'><strong>τῆς</strong></span> <span class='ocrx_word' id='word_1_258' title='bbox 1217 2016 1444 2084; x_wconf 81' lang='grc' dir='ltr'><strong>εἰρήνης</strong></span> <span class='ocrx_word' id='word_1_259' title='bbox 1488 2013 1584 2066; x_wconf 80' lang='grc' dir='ltr'><strong>νῦν</strong></span> <span class='ocrx_word' id='word_1_260' title='bbox 1612 2014 1797 2085; x_wconf 67' lang='grc' dir='ltr'><strong>διανοῇ</strong></span> <span class='ocrx_word' id='word_1_261' title='bbox 1824 2032 1841 2083; x_wconf 84' lang='lat'><strong>;</strong></span> 
     </span>
    </p>
   </div>
   <div class='ocr_carea' id='block_1_37' title="bbox 268 2105 1844 2184">
    <p class='ocr_par' dir='ltr' id='par_1_37' title="bbox 268 2105 1844 2184">
     <span class='ocr_line' id='line_1_37' title="bbox 268 2105 1844 2184; baseline -0.007 -16"><span class='ocrx_word' id='word_1_262' title='bbox 268 2110 359 2184; x_wconf 82' lang='grc' dir='ltr'><strong>ἆρ’</strong></span> <span class='ocrx_word' id='word_1_263' title='bbox 384 2113 618 2181; x_wconf 75' lang='grc' dir='ltr'><strong>ἑτοίμως</strong></span> <span class='ocrx_word' id='word_1_264' title='bbox 669 2109 812 2178; x_wconf 74' lang='grc' dir='ltr'><strong>ἔχεις</strong></span> <span class='ocrx_word' id='word_1_265' title='bbox 865 2108 1000 2178; x_wconf 64' lang='grc' dir='ltr'><strong>πρὸς</strong></span> <span class='ocrx_word' id='word_1_266' title='bbox 1035 2107 1230 2175; x_wconf 74' lang='grc' dir='ltr'><strong>αὐτὴν,</strong></span> <span class='ocrx_word' id='word_1_267' title='bbox 1284 2106 1337 2159; x_wconf 82' lang='grc' dir='ltr'><strong>εί</strong></span> <span class='ocrx_word' id='word_1_268' title='bbox 1380 2122 1528 2169; x_wconf 87' lang='grc' dir='ltr'><strong>τινος</strong></span> <span class='ocrx_word' id='word_1_269' title='bbox 1567 2105 1844 2168; x_wconf 59' lang='lat' dir='ltr'><strong>tissimi;</strong></span> 
     </span>
    </p>
   </div>
   <div class='ocr_carea' id='block_1_38' title="bbox 264 2198 1845 2273">
    <p class='ocr_par' dir='ltr' id='par_1_38' title="bbox 264 2198 1845 2273">
     <span class='ocr_line' id='line_1_38' title="bbox 264 2198 1845 2273; baseline -0.007 -14"><span class='ocrx_word' id='word_1_270' title='bbox 264 2204 563 2271; x_wconf 72' lang='grc' dir='ltr'><strong>ἀπολογίας</strong></span> <span class='ocrx_word' id='word_1_271' title='bbox 592 2201 852 2273; x_wconf 84' lang='grc' dir='ltr'><strong>τύχοις,ἢ</strong></span> <span class='ocrx_word' id='word_1_272' title='bbox 888 2198 1025 2271; x_wconf 77' lang='grc' dir='ltr'><strong>πρὸς</strong></span> <span class='ocrx_word' id='word_1_273' title='bbox 1055 2200 1153 2269; x_wconf 72' lang='grc' dir='ltr'><strong>τὴν</strong></span> <span class='ocrx_word' id='word_1_274' title='bbox 1185 2198 1408 2251; x_wconf 78' lang='grc' dir='ltr'><strong>ἐκείνων</strong></span> <span class='ocrx_word' id='word_1_275' title='bbox 1445 2198 1845 2269; x_wconf 66' lang='grc' dir='ltr'><strong>ἀγνωμοσύνην</strong></span> 
     </span>
    </p>
   </div>
   <div class='ocr_carea' id='block_1_39' title="bbox 269 2289 1841 2361">
    <p class='ocr_par' dir='ltr' id='par_1_39' title="bbox 269 2289 1841 2361">
     <span class='ocr_line' id='line_1_39' title="bbox 269 2289 1841 2361; baseline -0.004 -13"><span class='ocrx_word' id='word_1_276' title='bbox 269 2294 622 2349; x_wconf 81' lang='grc' dir='ltr'><strong>παντάπασιν</strong></span> <span class='ocrx_word' id='word_1_277' title='bbox 652 2293 905 2360; x_wconf 83' lang='grc' dir='ltr'><strong>ἁπέγνως</strong></span> <span class='ocrx_word' id='word_1_278' title='bbox 940 2291 1076 2361; x_wconf 63' lang='grc' dir='ltr'><strong>προς</strong></span> <span class='ocrx_word' id='word_1_279' title='bbox 1109 2289 1207 2353; x_wconf 74' lang='grc' dir='ltr'><strong>τὰς</strong></span> <span class='ocrx_word' id='word_1_280' title='bbox 1238 2289 1512 2353; x_wconf 76' lang='grc' dir='ltr'><strong>διαλύσεις</strong></span> <span class='ocrx_word' id='word_1_281' title='bbox 1541 2290 1634 2344; x_wconf 79' lang='grc' dir='ltr'><strong>καὶ</strong></span> <span class='ocrx_word' id='word_1_282' title='bbox 1658 2290 1841 2353; x_wconf 73' lang='grc' dir='ltr'><strong>αὑτόςς</strong></span> 
     </span>
    </p>
   </div>
   <div class='ocr_carea' id='block_1_40' title="bbox 269 2364 1846 2454">
    <p class='ocr_par' dir='ltr' id='par_1_40' title="bbox 269 2364 1846 2454">
     <span class='ocr_line' id='line_1_40' title="bbox 269 2364 1846 2454; baseline -0.006 -13"><span class='ocrx_word' id='word_1_283' title='bbox 269 2385 533 2447; x_wconf 80' lang='grc' dir='ltr'><strong>Βασιλεὺς</strong></span> <span class='ocrx_word' id='word_1_284' title='bbox 562 2385 617 2439; x_wconf 84' lang='grc' dir='ltr'><strong>δὲ</strong></span> <span class='ocrx_word' id='word_1_285' title='bbox 648 2383 811 2439; x_wconf 71' lang='grc' dir='ltr'><strong>αὐτὸν</strong></span> <span class='ocrx_word' id='word_1_286' title='bbox 841 2384 937 2449; x_wconf 70' lang='grc' dir='ltr'><strong>τῆς</strong></span> <span class='ocrx_word' id='word_1_287' title='bbox 966 2399 1025 2434; x_wconf 87' lang='grc' dir='ltr'><strong>τε</strong></span> <span class='ocrx_word' id='word_1_288' title='bbox 1064 2364 1378 2454; x_wconf 73' lang='grc' dir='ltr'><strong>παρρησίας</strong></span> <span class='ocrx_word' id='word_1_289' title='bbox 1411 2382 1729 2442; x_wconf 69' lang='grc' dir='ltr'><strong>ἐπαινέσας.</strong></span> <span class='ocrx_word' id='word_1_290' title='bbox 1752 2380 1846 2433; x_wconf 77' lang='grc' dir='ltr'><strong>καί</strong></span> 
     </span>
    </p>
   </div>
   <div class='ocr_carea' id='block_1_41' title="bbox 268 2474 1841 2552">
    <p class='ocr_par' dir='ltr' id='par_1_41' title="bbox 268 2474 1841 2552">
     <span class='ocr_line' id='line_1_41' title="bbox 268 2474 1841 2552; baseline -0.004 -20"><span class='ocrx_word' id='word_1_291' title='bbox 268 2479 367 2549; x_wconf 77' lang='grc' dir='ltr'><strong>τῆς</strong></span> <span class='ocrx_word' id='word_1_292' title='bbox 397 2479 526 2552; x_wconf 68' lang='grc' dir='ltr'><strong>περὶ</strong></span> <span class='ocrx_word' id='word_1_293' title='bbox 551 2479 618 2531; x_wconf 68' lang='grc' dir='ltr'><strong>τὰ</strong></span> <span class='ocrx_word' id='word_1_294' title='bbox 651 2478 953 2546; x_wconf 74' lang='grc' dir='ltr'><strong>πράγματα</strong></span> <span class='ocrx_word' id='word_1_295' title='bbox 1001 2475 1193 2528; x_wconf 79' lang='grc' dir='ltr'><strong>ἀδόλου</strong></span> <span class='ocrx_word' id='word_1_296' title='bbox 1228 2475 1440 2544; x_wconf 79' lang='grc' dir='ltr'><strong>διαίτης</strong></span> <span class='ocrx_word' id='word_1_297' title='bbox 1472 2474 1567 2527; x_wconf 80' lang='grc' dir='ltr'><strong>καὶ</strong></span> <span class='ocrx_word' id='word_1_298' title='bbox 1599 2474 1841 2538; x_wconf 81' lang='grc' dir='ltr'><strong>δικαίας,</strong></span> 
     </span>
    </p>
   </div>
   <div class='ocr_carea' id='block_1_42' title="bbox 268 2565 1833 2639">
    <p class='ocr_par' dir='ltr' id='par_1_42' title="bbox 268 2565 1833 2639">
     <span class='ocr_line' id='line_1_42' title="bbox 268 2565 1833 2639; baseline -0.003 -15"><span class='ocrx_word' id='word_1_299' title='bbox 268 2572 363 2625; x_wconf 75' lang='grc' dir='ltr'><strong>καὶ</strong></span> <span class='ocrx_word' id='word_1_300' title='bbox 392 2570 689 2639; x_wconf 79' lang='grc' dir='ltr'><strong>ἀντιφιλεῖν</strong></span> <span class='ocrx_word' id='word_1_301' title='bbox 720 2569 881 2621; x_wconf 77' lang='grc' dir='ltr'><strong>αὐτὸν</strong></span> <span class='ocrx_word' id='word_1_302' title='bbox 913 2569 1006 2620; x_wconf 75' lang='grc' dir='ltr'><strong>καὶ</strong></span> <span class='ocrx_word' id='word_1_303' title='bbox 1038 2567 1202 2631; x_wconf 76' lang='grc' dir='ltr'><strong>αὐτὸς</strong></span> <span class='ocrx_word' id='word_1_304' title='bbox 1233 2565 1406 2620; x_wconf 83' lang='grc' dir='ltr'><strong>εἰπὼν</strong></span> <span class='ocrx_word' id='word_1_305' title='bbox 1422 2566 1509 2620; x_wconf 78' lang='grc' dir='ltr'><strong>διὰ</strong></span> <span class='ocrx_word' id='word_1_306' title='bbox 1537 2572 1636 2637; x_wconf 75' lang='grc' dir='ltr'><strong>τὴν</strong></span> <span class='ocrx_word' id='word_1_307' title='bbox 1673 2582 1833 2635; x_wconf 62' lang='grc' dir='ltr'><strong>πρςση</strong></span> 
     </span>
    </p>
   </div>
   <div class='ocr_carea' id='block_1_43' title="bbox 269 2654 1842 2731">
    <p class='ocr_par' dir='ltr' id='par_1_43' title="bbox 269 2654 1842 2731">
     <span class='ocr_line' id='line_1_43' title="bbox 269 2654 1842 2731; baseline -0.003 -15"><span class='ocrx_word' id='word_1_308' title='bbox 269 2664 439 2716; x_wconf 79' lang='grc' dir='ltr'><strong>οὖσαν</strong></span> <span class='ocrx_word' id='word_1_309' title='bbox 487 2663 701 2715; x_wconf 80' lang='grc' dir='ltr'><strong>σύνεσιν</strong></span> <span class='ocrx_word' id='word_1_310' title='bbox 751 2662 844 2715; x_wconf 68' lang='grc' dir='ltr'><strong>καὶ</strong></span> <span class='ocrx_word' id='word_1_311' title='bbox 892 2660 991 2731; x_wconf 85' lang='grc' dir='ltr'><strong>τὴν</strong></span> <span class='ocrx_word' id='word_1_312' title='bbox 1027 2658 1257 2727; x_wconf 69' lang='grc' dir='ltr'><strong>εὐφυίαν</strong></span> <span class='ocrx_word' id='word_1_313' title='bbox 1287 2654 1387 2729; x_wconf 80' lang='grc' dir='ltr'><strong>τὴν</strong></span> <span class='ocrx_word' id='word_1_314' title='bbox 1417 2658 1555 2727; x_wconf 79' lang='grc' dir='ltr'><strong>πρὸς</strong></span> <span class='ocrx_word' id='word_1_315' title='bbox 1584 2658 1653 2711; x_wconf 72' lang='grc' dir='ltr'><strong>τὰ</strong></span> <span class='ocrx_word' id='word_1_316' title='bbox 1679 2659 1842 2724; x_wconf 74' lang='grc' dir='ltr'><strong>καλὰ,</strong></span> 
     </span>
    </p>
   </div>
   <div class='ocr_carea' id='block_1_44' title="bbox 268 2751 1847 2824">
    <p class='ocr_par' dir='ltr' id='par_1_44' title="bbox 268 2751 1847 2824">
     <span class='ocr_line' id='line_1_44' title="bbox 268 2751 1847 2824; baseline -0.001 -17"><span class='ocrx_word' id='word_1_317' title='bbox 268 2751 388 2808; x_wconf 79' lang='grc' dir='ltr'><strong>εἶτα</strong></span> <span class='ocrx_word' id='word_1_318' title='bbox 414 2752 753 2823; x_wconf 80' lang='grc' dir='ltr'><strong>ἀπεκρίνατο</strong></span> <span class='ocrx_word' id='word_1_319' title='bbox 796 2752 893 2806; x_wconf 80' lang='grc' dir='ltr'><strong>καί</strong></span> <span class='ocrx_word' id='word_1_320' title='bbox 930 2752 1059 2822; x_wconf 85' lang='grc' dir='ltr'><strong>περί</strong></span> <span class='ocrx_word' id='word_1_321' title='bbox 1088 2752 1187 2824; x_wconf 82' lang='grc' dir='ltr'><strong>τῆς</strong></span> <span class='ocrx_word' id='word_1_322' title='bbox 1217 2751 1462 2822; x_wconf 78' lang='grc' dir='ltr'><strong>εἰρήνης,</strong></span> <span class='ocrx_word' id='word_1_323' title='bbox 1490 2751 1566 2817; x_wconf 83' lang='grc' dir='ltr'><strong>ὡς</strong></span> <span class='ocrx_word' id='word_1_324' title='bbox 1595 2751 1681 2805; x_wconf 69' lang='grc' dir='ltr'><strong>ἐπ’</strong></span> <span class='ocrx_word' id='word_1_325' title='bbox 1705 2753 1847 2805; x_wconf 78' lang='grc' dir='ltr'><strong>ἐκεί-</strong></span> 
     </span>
    </p>
   </div>
   <div class='ocr_carea' id='block_1_45' title="bbox 270 2843 1845 2916">
    <p class='ocr_par' dir='ltr' id='par_1_45' title="bbox 270 2843 1845 2916">
     <span class='ocr_line' id='line_1_45' title="bbox 270 2843 1845 2916; baseline -0.001 -17"><span class='ocrx_word' id='word_1_326' title='bbox 270 2865 384 2911; x_wconf 91' lang='grc' dir='ltr'><strong>νοις</strong></span> <span class='ocrx_word' id='word_1_327' title='bbox 411 2848 500 2916; x_wconf 85' lang='grc' dir='ltr'><strong>είη</strong></span> <span class='ocrx_word' id='word_1_328' title='bbox 527 2848 641 2908; x_wconf 87' lang='grc' dir='ltr'><strong>τοῖς</strong></span> <span class='ocrx_word' id='word_1_329' title='bbox 672 2843 977 2915; x_wconf 81' lang='grc' dir='ltr'><strong>πολεμοῦσι</strong></span> <span class='ocrx_word' id='word_1_330' title='bbox 1010 2844 1104 2898; x_wconf 73' lang='grc' dir='ltr'><strong>καὶ</strong></span> <span class='ocrx_word' id='word_1_331' title='bbox 1133 2845 1166 2914; x_wconf 79' lang='grc' dir='ltr'><strong>ἡ</strong></span> <span class='ocrx_word' id='word_1_332' title='bbox 1200 2844 1294 2897; x_wconf 83' lang='grc' dir='ltr'><strong>τοῦ</strong></span> <span class='ocrx_word' id='word_1_333' title='bbox 1334 2844 1577 2916; x_wconf 62' lang='grc' dir='ltr'><strong>πολέμου</strong></span> <span class='ocrx_word' id='word_1_334' title='bbox 1620 2846 1715 2898; x_wconf 75' lang='grc' dir='ltr'><strong>καὶ</strong></span> <span class='ocrx_word' id='word_1_335' title='bbox 1747 2845 1845 2914; x_wconf 73' lang='grc' dir='ltr'><strong>τῆς</strong></span> 
     </span>
    </p>
   </div>
   <div class='ocr_carea' id='block_1_46' title="bbox 268 2918 1846 3011">
    <p class='ocr_par' dir='ltr' id='par_1_46' title="bbox 268 2918 1846 3011">
     <span class='ocr_line' id='line_1_46' title="bbox 268 2918 1846 3011; baseline -0.003 -16"><span class='ocrx_word' id='word_1_336' title='bbox 268 2941 498 3011; x_wconf 76' lang='grc' dir='ltr'><strong>εἰρήνης</strong></span> <span class='ocrx_word' id='word_1_337' title='bbox 540 2918 776 3009; x_wconf 74' lang='grc' dir='ltr'><strong>αἵρεσις.</strong></span> <span class='ocrx_word' id='word_1_338' title='bbox 812 2937 985 2990; x_wconf 74' lang='grc' dir='ltr'><strong>Αὐτόν</strong></span> <span class='ocrx_word' id='word_1_339' title='bbox 1015 2953 1074 2988; x_wconf 91' lang='grc' dir='ltr'><strong>τε</strong></span> <span class='ocrx_word' id='word_1_340' title='bbox 1117 2939 1227 3006; x_wconf 75' lang='grc' dir='ltr'><strong>γὰρ</strong></span> <span class='ocrx_word' id='word_1_341' title='bbox 1268 2934 1632 3006; x_wconf 78' lang='grc' dir='ltr'><strong>συνθήσεσθαι</strong></span> <span class='ocrx_word' id='word_1_342' title='bbox 1668 2938 1846 3006; x_wconf 77' lang='grc' dir='ltr'><strong>ῥᾷστα</strong></span> 
     </span>
    </p>
   </div>
   <div class='ocr_carea' id='block_1_47' title="bbox 270 3028 1845 3105">
    <p class='ocr_par' dir='ltr' id='par_1_47' title="bbox 270 3028 1845 3105">
     <span class='ocr_line' id='line_1_47' title="bbox 270 3028 1845 3105; baseline -0.004 -18"><span class='ocrx_word' id='word_1_343' title='bbox 270 3031 409 3105; x_wconf 77' lang='grc' dir='ltr'><strong>πρὸς</strong></span> <span class='ocrx_word' id='word_1_344' title='bbox 437 3031 535 3095; x_wconf 77' lang='grc' dir='ltr'><strong>τὰς</strong></span> <span class='ocrx_word' id='word_1_345' title='bbox 564 3031 841 3094; x_wconf 74' lang='grc' dir='ltr'><strong>διαλύσεις</strong></span> <span class='ocrx_word' id='word_1_346' title='bbox 878 3030 946 3085; x_wconf 81' lang='grc' dir='ltr'><strong>ἂν</strong></span> <span class='ocrx_word' id='word_1_347' title='bbox 993 3028 1252 3082; x_wconf 72' lang='grc' dir='ltr'><strong>ἐθέλωσιν</strong></span> <span class='ocrx_word' id='word_1_348' title='bbox 1299 3030 1521 3095; x_wconf 68' lang='grc' dir='ltr'><strong>ἐκεῖνοι,</strong></span> <span class='ocrx_word' id='word_1_349' title='bbox 1560 3029 1653 3080; x_wconf 71' lang='grc' dir='ltr'><strong>καὶ</strong></span> <span class='ocrx_word' id='word_1_350' title='bbox 1685 3028 1845 3080; x_wconf 85' lang='grc' dir='ltr'><strong>πολε-</strong></span> 
     </span>
    </p>
   </div>
   <div class='ocr_carea' id='block_1_48' title="bbox 245 3118 1841 3198">
    <p class='ocr_par' dir='ltr' id='par_1_48' title="bbox 245 3118 1841 3198">
     <span class='ocr_line' id='line_1_48' title="bbox 245 3118 1841 3198; baseline -0.004 -19"><span class='ocrx_word' id='word_1_351' title='bbox 245 3122 469 3198; x_wconf 76' lang='grc' dir='ltr'><strong>’μήσειν</strong></span> <span class='ocrx_word' id='word_1_352' title='bbox 493 3123 636 3177; x_wconf 84' lang='grc' dir='ltr'><strong>κατά</strong></span> <span class='ocrx_word' id='word_1_353' title='bbox 654 3122 907 3192; x_wconf 77' lang='grc' dir='ltr'><strong>δύναμιν,</strong></span> <span class='ocrx_word' id='word_1_354' title='bbox 926 3121 991 3176; x_wconf 83' lang='grc' dir='ltr'><strong>ἂν</strong></span> <span class='ocrx_word' id='word_1_355' title='bbox 1019 3124 1218 3176; x_wconf 76' lang='grc' dir='ltr'><strong>ἐκεῖνοι</strong></span> <span class='ocrx_word' id='word_1_356' title='bbox 1239 3121 1307 3174; x_wconf 69' lang='grc' dir='ltr'><strong>τὰ</strong></span> <span class='ocrx_word' id='word_1_357' title='bbox 1337 3120 1519 3195; x_wconf 83' lang='grc' dir='ltr'><strong>δίκαια</strong></span> <span class='ocrx_word' id='word_1_358' title='bbox 1547 3119 1621 3190; x_wconf 83' lang='grc' dir='ltr'><strong>μὴ</strong></span> <span class='ocrx_word' id='word_1_359' title='bbox 1646 3118 1841 3172; x_wconf 75' lang='grc' dir='ltr'><strong>θέλωσι</strong></span> 
     </span>
    </p>
   </div>
   <div class='ocr_carea' id='block_1_49' title="bbox 1948 2023 3524 2099">
    <p class='ocr_par' dir='ltr' id='par_1_49' title="bbox 1948 2023 3524 2099">
     <span class='ocr_line' id='line_1_49' title="bbox 1948 2023 3524 2099; baseline 0.008 -23"><span class='ocrx_word' id='word_1_360' title='bbox 1948 2023 2214 2079; x_wconf 85' lang='lat' dir='ltr'><strong>bertatcm</strong></span> <span class='ocrx_word' id='word_1_361' title='bbox 2262 2026 2386 2087; x_wconf 85' lang='lat' dir='ltr'><strong>viri.</strong></span> <span class='ocrx_word' id='word_1_362' title='bbox 2440 2027 2821 2099; x_wconf 75' lang='lat' dir='ltr'><strong>integrumque</strong></span> <span class='ocrx_word' id='word_1_363' title='bbox 2878 2045 2942 2086; x_wconf 90' lang='lat' dir='ltr'><strong>ac</strong></span> <span class='ocrx_word' id='word_1_364' title='bbox 2997 2048 3186 2086; x_wconf 88' lang='lat' dir='ltr'><strong>verum</strong></span> <span class='ocrx_word' id='word_1_365' title='bbox 3237 2034 3305 2088; x_wconf 90' lang='lat' dir='ltr'><strong>de</strong></span> <span class='ocrx_word' id='word_1_366' title='bbox 3360 2036 3524 2089; x_wconf 82' lang='lat' dir='ltr'><strong>rebus</strong></span> 
     </span>
    </p>
   </div>
   <div class='ocr_carea' id='block_1_50' title="bbox 1942 2113 3526 2191">
    <p class='ocr_par' dir='ltr' id='par_1_50' title="bbox 1942 2113 3526 2191">
     <span class='ocr_line' id='line_1_50' title="bbox 1942 2113 3526 2191; baseline 0.01 -28"><span class='ocrx_word' id='word_1_367' title='bbox 1942 2113 2209 2182; x_wconf 83' lang='lat' dir='ltr'><strong>judicium</strong></span> <span class='ocrx_word' id='word_1_368' title='bbox 2249 2115 2498 2182; x_wconf 84' lang='lat' dir='ltr'><strong>laudans,</strong></span> <span class='ocrx_word' id='word_1_369' title='bbox 2534 2126 2591 2173; x_wconf 88' lang='lat' dir='ltr'><strong>et</strong></span> <span class='ocrx_word' id='word_1_370' title='bbox 2618 2133 2677 2172; x_wconf 89' lang='lat' dir='ltr'><strong>se</strong></span> <span class='ocrx_word' id='word_1_371' title='bbox 2709 2126 2930 2189; x_wconf 87' lang='lat' dir='ltr'><strong>propter</strong></span> <span class='ocrx_word' id='word_1_372' title='bbox 2978 2122 3322 2189; x_wconf 85' lang='lat' dir='ltr'><strong>prudentiam</strong></span> <span class='ocrx_word' id='word_1_373' title='bbox 3360 2132 3415 2179; x_wconf 93' lang='lat' dir='ltr'><strong>ct</strong></span> <span class='ocrx_word' id='word_1_374' title='bbox 3441 2124 3526 2191; x_wconf 83' lang='lat' dir='ltr'><strong>iu-</strong></span> 
     </span>
    </p>
   </div>
   <div class='ocr_carea' id='block_1_51' title="bbox 1946 2205 3526 2277">
    <p class='ocr_par' dir='ltr' id='par_1_51' title="bbox 1946 2205 3526 2277">
     <span class='ocr_line' id='line_1_51' title="bbox 1946 2205 3526 2277; baseline 0.006 -16"><span class='ocrx_word' id='word_1_375' title='bbox 1946 2205 2165 2277; x_wconf 69' lang='lat' dir='ltr'><strong>genium</strong></span> <span class='ocrx_word' id='word_1_376' title='bbox 2194 2207 2263 2262; x_wconf 86' lang='lat' dir='ltr'><strong>ad</strong></span> <span class='ocrx_word' id='word_1_377' title='bbox 2297 2208 2556 2264; x_wconf 82' lang='lat' dir='ltr'><strong>virtutem</strong></span> <span class='ocrx_word' id='word_1_378' title='bbox 2588 2221 2775 2265; x_wconf 84' lang='lat' dir='ltr'><strong>natum</strong></span> <span class='ocrx_word' id='word_1_379' title='bbox 2828 2211 3109 2268; x_wconf 83' lang='lat' dir='ltr'><strong>redamare</strong></span> <span class='ocrx_word' id='word_1_380' title='bbox 3149 2214 3301 2269; x_wconf 91' lang='lat' dir='ltr'><strong>illum</strong></span> <span class='ocrx_word' id='word_1_381' title='bbox 3336 2216 3526 2270; x_wconf 81' lang='lat' dir='ltr'><strong>testiﬁ-</strong></span> 
     </span>
    </p>
   </div>
   <div class='ocr_carea' id='block_1_52' title="bbox 1947 2298 3527 2373">
    <p class='ocr_par' dir='ltr' id='par_1_52' title="bbox 1947 2298 3527 2373">
     <span class='ocr_line' id='line_1_52' title="bbox 1947 2298 3527 2373; baseline 0.008 -24"><span class='ocrx_word' id='word_1_382' title='bbox 1947 2311 2103 2361; x_wconf 88' lang='lat' dir='ltr'><strong>cans,</strong></span> <span class='ocrx_word' id='word_1_383' title='bbox 2134 2298 2455 2368; x_wconf 87' lang='lat' dir='ltr'><strong>respondet,</strong></span> <span class='ocrx_word' id='word_1_384' title='bbox 2489 2299 2616 2355; x_wconf 83' lang='lat' dir='ltr'><strong>belli</strong></span> <span class='ocrx_word' id='word_1_385' title='bbox 2662 2310 2722 2356; x_wconf 90' lang='lat' dir='ltr'><strong>et</strong></span> <span class='ocrx_word' id='word_1_386' title='bbox 2755 2305 2906 2373; x_wconf 83' lang='lat' dir='ltr'><strong>pacis</strong></span> <span class='ocrx_word' id='word_1_387' title='bbox 2936 2303 3261 2362; x_wconf 85' lang='lat' dir='ltr'><strong>electionem</strong></span> <span class='ocrx_word' id='word_1_388' title='bbox 3300 2306 3356 2361; x_wconf 91' lang='lat' dir='ltr'><strong>in</strong></span> <span class='ocrx_word' id='word_1_389' title='bbox 3380 2308 3527 2363; x_wconf 75' lang='lat' dir='ltr'><strong>arbi-</strong></span> 
     </span>
    </p>
   </div>
   <div class='ocr_carea' id='block_1_53' title="bbox 1950 2387 3525 2466">
    <p class='ocr_par' dir='ltr' id='par_1_53' title="bbox 1950 2387 3525 2466">
     <span class='ocr_line' id='line_1_53' title="bbox 1950 2387 3525 2466; baseline 0.008 -24"><span class='ocrx_word' id='word_1_390' title='bbox 1950 2387 2054 2455; x_wconf 76' lang='lat' dir='ltr'><strong>trio</strong></span> <span class='ocrx_word' id='word_1_391' title='bbox 2079 2389 2398 2445; x_wconf 83' lang='lat' dir='ltr'><strong>bellantium</strong></span> <span class='ocrx_word' id='word_1_392' title='bbox 2422 2391 2745 2447; x_wconf 87' lang='lat' dir='ltr'><strong>consistere.</strong></span> <span class='ocrx_word' id='word_1_393' title='bbox 2773 2390 2909 2448; x_wconf 84' lang='lat' dir='ltr'><strong>Nam</strong></span> <span class='ocrx_word' id='word_1_394' title='bbox 2938 2410 2996 2451; x_wconf 89' lang='lat' dir='ltr'><strong>se</strong></span> <span class='ocrx_word' id='word_1_395' title='bbox 3026 2398 3244 2466; x_wconf 82' lang='lat' dir='ltr'><strong>quidem</strong></span> <span class='ocrx_word' id='word_1_396' title='bbox 3270 2398 3525 2455; x_wconf 86' lang='lat' dir='ltr'><strong>facillime</strong></span> 
     </span>
    </p>
   </div>
   <div class='ocr_carea' id='block_1_54' title="bbox 1946 2479 3522 2561">
    <p class='ocr_par' dir='ltr' id='par_1_54' title="bbox 1946 2479 3522 2561">
     <span class='ocr_line' id='line_1_54' title="bbox 1946 2479 3522 2561; baseline 0.011 -30"><span class='ocrx_word' id='word_1_397' title='bbox 1946 2479 2015 2539; x_wconf 88' lang='lat' dir='ltr'><strong>ad</strong></span> <span class='ocrx_word' id='word_1_398' title='bbox 2045 2482 2503 2551; x_wconf 82' lang='lat' dir='ltr'><strong>compositionem</strong></span> <span class='ocrx_word' id='word_1_399' title='bbox 2550 2499 2973 2552; x_wconf 79' lang='lat' dir='ltr'><strong>consensurum,</strong></span> <span class='ocrx_word' id='word_1_400' title='bbox 3026 2489 3073 2543; x_wconf 89' lang='lat' dir='ltr'><strong>si</strong></span> <span class='ocrx_word' id='word_1_401' title='bbox 3143 2490 3277 2561; x_wconf 83' lang='lat' dir='ltr'><strong>ipsis</strong></span> <span class='ocrx_word' id='word_1_402' title='bbox 3309 2492 3473 2549; x_wconf 88' lang='lat' dir='ltr'><strong>libeat</strong></span> <span class='ocrx_word' id='word_1_403' title='bbox 3505 2535 3522 2558; x_wconf 92' lang='lat'><strong>,</strong></span> 
     </span>
    </p>
   </div>
   <div class='ocr_carea' id='block_1_55' title="bbox 1952 2578 3525 2656">
    <p class='ocr_par' dir='ltr' id='par_1_55' title="bbox 1952 2578 3525 2656">
     <span class='ocr_line' id='line_1_55' title="bbox 1952 2578 3525 2656; baseline 0.01 -30"><span class='ocrx_word' id='word_1_404' title='bbox 1952 2579 2008 2626; x_wconf 90' lang='lat' dir='ltr'><strong>et</strong></span> <span class='ocrx_word' id='word_1_405' title='bbox 2051 2583 2419 2643; x_wconf 74' lang='lat' dir='ltr'><strong>pugnaturum</strong></span> <span class='ocrx_word' id='word_1_406' title='bbox 2480 2591 2583 2645; x_wconf 88' lang='lat' dir='ltr'><strong>pro</strong></span> <span class='ocrx_word' id='word_1_407' title='bbox 2622 2578 2847 2645; x_wconf 88' lang='lat' dir='ltr'><strong>viribus,</strong></span> <span class='ocrx_word' id='word_1_408' title='bbox 2897 2579 2940 2634; x_wconf 91' lang='lat' dir='ltr'><strong>si</strong></span> <span class='ocrx_word' id='word_1_409' title='bbox 2978 2580 3142 2635; x_wconf 89' lang='lat' dir='ltr'><strong>iidem</strong></span> <span class='ocrx_word' id='word_1_410' title='bbox 3189 2584 3281 2652; x_wconf 85' lang='lat' dir='ltr'><strong>jus</strong></span> <span class='ocrx_word' id='word_1_411' title='bbox 3334 2584 3525 2656; x_wconf 81' lang='lat' dir='ltr'><strong>fasque</strong></span> 
     </span>
    </p>
   </div>
   <div class='ocr_carea' id='block_1_56' title="bbox 1946 2664 3525 2739">
    <p class='ocr_par' dir='ltr' id='par_1_56' title="bbox 1946 2664 3525 2739">
     <span class='ocr_line' id='line_1_56' title="bbox 1946 2664 3525 2739; baseline 0.009 -22"><span class='ocrx_word' id='word_1_412' title='bbox 1946 2667 2396 2734; x_wconf 85' lang='lat' dir='ltr'><strong>contempserint.</strong></span> <span class='ocrx_word' id='word_1_413' title='bbox 2426 2664 2577 2736; x_wconf 81' lang='lat' dir='ltr'><strong>ipsos</strong></span> <span class='ocrx_word' id='word_1_414' title='bbox 2606 2669 2830 2739; x_wconf 86' lang='lat' dir='ltr'><strong>quippe,</strong></span> <span class='ocrx_word' id='word_1_415' title='bbox 2870 2672 3161 2727; x_wconf 78' lang='lat' dir='ltr'><strong>calumniis</strong></span> <span class='ocrx_word' id='word_1_416' title='bbox 3205 2684 3261 2729; x_wconf 88' lang='lat' dir='ltr'><strong>et</strong></span> <span class='ocrx_word' id='word_1_417' title='bbox 3301 2677 3525 2731; x_wconf 80' lang='lat' dir='ltr'><strong>menda-</strong></span> 
     </span>
    </p>
   </div>
   <div class='ocr_carea' id='block_1_57' title="bbox 1947 2755 3523 2836">
    <p class='ocr_par' dir='ltr' id='par_1_57' title="bbox 1947 2755 3523 2836">
     <span class='ocr_line' id='line_1_57' title="bbox 1947 2755 3523 2836; baseline 0.01 -28"><span class='ocrx_word' id='word_1_418' title='bbox 1947 2755 2052 2810; x_wconf 84' lang='lat' dir='ltr'><strong>ciis</strong></span> <span class='ocrx_word' id='word_1_419' title='bbox 2083 2755 2452 2825; x_wconf 73' lang='lat' dir='ltr'><strong>indulgentes,</strong></span> <span class='ocrx_word' id='word_1_420' title='bbox 2482 2758 2683 2815; x_wconf 78' lang='lat' dir='ltr'><strong>bellum</strong></span> <span class='ocrx_word' id='word_1_421' title='bbox 2709 2776 2889 2822; x_wconf 88' lang='lat' dir='ltr'><strong>orsos.</strong></span> <span class='ocrx_word' id='word_1_422' title='bbox 2920 2776 3254 2836; x_wconf 88' lang='lat' dir='ltr'><strong>matremque</strong></span> <span class='ocrx_word' id='word_1_423' title='bbox 3291 2784 3444 2822; x_wconf 83' lang='lat' dir='ltr'><strong>suam</strong></span> <span class='ocrx_word' id='word_1_424' title='bbox 3468 2770 3523 2823; x_wconf 93' lang='lat' dir='ltr'><strong>in</strong></span> 
     </span>
    </p>
   </div>
   <div class='ocr_carea' id='block_1_58' title="bbox 1949 2853 3520 2928">
    <p class='ocr_par' dir='ltr' id='par_1_58' title="bbox 1949 2853 3520 2928">
     <span class='ocr_line' id='line_1_58' title="bbox 1949 2853 3520 2928; baseline 0.008 -26"><span class='ocrx_word' id='word_1_425' title='bbox 1949 2862 2172 2903; x_wconf 84' lang='lat' dir='ltr'><strong>carcere</strong></span> <span class='ocrx_word' id='word_1_426' title='bbox 2207 2859 2564 2919; x_wconf 68' lang='lat' dir='ltr'><strong>aegrotantem</strong></span> <span class='ocrx_word' id='word_1_427' title='bbox 2621 2853 2768 2908; x_wconf 87' lang='lat' dir='ltr'><strong>nulla</strong></span> <span class='ocrx_word' id='word_1_428' title='bbox 2814 2870 2946 2911; x_wconf 76' lang='lat' dir='ltr'><strong>cura</strong></span> <span class='ocrx_word' id='word_1_429' title='bbox 2999 2857 3274 2928; x_wconf 82' lang='lat' dir='ltr'><strong>dignatas,</strong></span> <span class='ocrx_word' id='word_1_430' title='bbox 3310 2871 3520 2915; x_wconf 85' lang='lat' dir='ltr'><strong>tantum</strong></span> 
     </span>
    </p>
   </div>
   <div class='ocr_carea' id='block_1_59' title="bbox 1947 2946 3518 3018">
    <p class='ocr_par' dir='ltr' id='par_1_59' title="bbox 1947 2946 3518 3018">
     <span class='ocr_line' id='line_1_59' title="bbox 1947 2946 3518 3018; baseline 0.009 -27"><span class='ocrx_word' id='word_1_431' title='bbox 1947 2955 2056 2993; x_wconf 89' lang='lat' dir='ltr'><strong>non</strong></span> <span class='ocrx_word' id='word_1_432' title='bbox 2083 2950 2295 2996; x_wconf 70' lang='lat' dir='ltr'><strong>suamet</strong></span> <span class='ocrx_word' id='word_1_433' title='bbox 2325 2958 2485 2997; x_wconf 89' lang='lat' dir='ltr'><strong>manu</strong></span> <span class='ocrx_word' id='word_1_434' title='bbox 2513 2946 2780 3001; x_wconf 86' lang='lat' dir='ltr'><strong>occidisse</strong></span> <span class='ocrx_word' id='word_1_435' title='bbox 2812 2964 2827 3000; x_wconf 89' lang='lat'><strong>:</strong></span> <span class='ocrx_word' id='word_1_436' title='bbox 2861 2957 2916 3003; x_wconf 90' lang='lat' dir='ltr'><strong>et</strong></span> <span class='ocrx_word' id='word_1_437' title='bbox 2950 2949 3117 3007; x_wconf 82' lang='lat' dir='ltr'><strong>tilium</strong></span> <span class='ocrx_word' id='word_1_438' title='bbox 3147 2952 3518 3018; x_wconf 74' lang='lat' dir='ltr'><strong>duodennem,</strong></span> 
     </span>
    </p>
   </div>
   <div class='ocr_carea' id='block_1_60' title="bbox 1948 3030 3519 3113">
    <p class='ocr_par' dir='ltr' id='par_1_60' title="bbox 1948 3030 3519 3113">
     <span class='ocr_line' id='line_1_60' title="bbox 1948 3030 3519 3113; baseline 0.015 -35"><span class='ocrx_word' id='word_1_439' title='bbox 1948 3030 2039 3099; x_wconf 83' lang='lat' dir='ltr'><strong>qui</strong></span> <span class='ocrx_word' id='word_1_440' title='bbox 2076 3032 2214 3085; x_wconf 83' lang='lat' dir='ltr'><strong>nihil</strong></span> <span class='ocrx_word' id='word_1_441' title='bbox 2250 3034 2306 3086; x_wconf 90' lang='lat' dir='ltr'><strong>in</strong></span> <span class='ocrx_word' id='word_1_442' title='bbox 2342 3049 2437 3088; x_wconf 89' lang='lat' dir='ltr'><strong>eos</strong></span> <span class='ocrx_word' id='word_1_443' title='bbox 2488 3050 2831 3107; x_wconf 80' lang='lat' dir='ltr'><strong>peccaverat,</strong></span> <span class='ocrx_word' id='word_1_444' title='bbox 2868 3041 2997 3096; x_wconf 82' lang='lat' dir='ltr'><strong>odio</strong></span> <span class='ocrx_word' id='word_1_445' title='bbox 3045 3044 3214 3113; x_wconf 85' lang='lat' dir='ltr'><strong>patris</strong></span> <span class='ocrx_word' id='word_1_446' title='bbox 3246 3049 3434 3100; x_wconf 89' lang='lat' dir='ltr'><strong>tandiu</strong></span> <span class='ocrx_word' id='word_1_447' title='bbox 3466 3051 3519 3101; x_wconf 90' lang='lat' dir='ltr'><strong>in</strong></span> 
     </span>
    </p>
   </div>
   <div class='ocr_carea' id='block_1_61' title="bbox 1947 3124 3524 3206">
    <p class='ocr_par' dir='ltr' id='par_1_61' title="bbox 1947 3124 3524 3206">
     <span class='ocr_line' id='line_1_61' title="bbox 1947 3124 3524 3206; baseline 0.009 -28"><span class='ocrx_word' id='word_1_448' title='bbox 1947 3124 2181 3179; x_wconf 83' lang='lat' dir='ltr'><strong>vinculis</strong></span> <span class='ocrx_word' id='word_1_449' title='bbox 2208 3125 2501 3182; x_wconf 84' lang='lat' dir='ltr'><strong>retinuisse</strong></span> <span class='ocrx_word' id='word_1_450' title='bbox 2534 3146 2548 3182; x_wconf 94' lang='lat'><strong>:</strong></span> <span class='ocrx_word' id='word_1_451' title='bbox 2571 3138 2625 3184; x_wconf 93' lang='lat' dir='ltr'><strong>et</strong></span> <span class='ocrx_word' id='word_1_452' title='bbox 2655 3130 2862 3186; x_wconf 86' lang='lat' dir='ltr'><strong>amicos</strong></span> <span class='ocrx_word' id='word_1_453' title='bbox 2890 3148 2951 3188; x_wconf 84' lang='lat' dir='ltr'><strong>ac</strong></span> <span class='ocrx_word' id='word_1_454' title='bbox 2971 3135 3307 3206; x_wconf 87' lang='lat' dir='ltr'><strong>propinquos</strong></span> <span class='ocrx_word' id='word_1_455' title='bbox 3329 3153 3524 3195; x_wconf 83' lang='lat' dir='ltr'><strong>omnes</strong></span> 
     </span>
    </p>
   </div>
   <div class='ocr_carea' id='block_1_62' title="bbox 269 3205 1842 3315">
    <p class='ocr_par' dir='ltr' id='par_1_62' title="bbox 269 3205 1841 3286">
     <span class='ocr_line' id='line_1_62' title="bbox 269 3205 1841 3286; baseline -0.004 -17"><span class='ocrx_word' id='word_1_456' title='bbox 269 3217 471 3271; x_wconf 74' lang='grc' dir='ltr'><strong>ποιεῖν.</strong></span> <span class='ocrx_word' id='word_1_457' title='bbox 513 3215 745 3269; x_wconf 81' lang='grc' dir='ltr'><strong>Ἐκεῖνοι</strong></span> <span class='ocrx_word' id='word_1_458' title='bbox 786 3211 894 3281; x_wconf 82' lang='grc' dir='ltr'><strong>γὰρ</strong></span> <span class='ocrx_word' id='word_1_459' title='bbox 927 3211 1189 3282; x_wconf 82' lang='grc' dir='ltr'><strong>πρότεροι</strong></span> <span class='ocrx_word' id='word_1_460' title='bbox 1242 3209 1480 3286; x_wconf 67' lang='grc' dir='ltr'><strong>πολέμου</strong></span> <span class='ocrx_word' id='word_1_461' title='bbox 1514 3205 1690 3281; x_wconf 74' lang='grc' dir='ltr'><strong>ἦρξαν</strong></span> <span class='ocrx_word' id='word_1_462' title='bbox 1725 3211 1841 3262; x_wconf 87' lang='grc' dir='ltr'><strong>δια-</strong></span> 
     </span>
    </p>
   </div>
   <div class='ocr_carea' id='block_1_63' title="bbox 1948 3205 3520 3315">
    <p class='ocr_par' dir='ltr' id='par_1_63' title="bbox 1948 3205 3520 3295">
     <span class='ocr_line' id='line_1_63' title="bbox 1948 3205 3520 3295; baseline 0.01 -25"><span class='ocrx_word' id='word_1_463' title='bbox 1948 3216 2274 3281; x_wconf 60' lang='lat' dir='ltr'><strong>suStulise,</strong></span> <span class='ocrx_word' id='word_1_464' title='bbox 2319 3233 2593 3291; x_wconf 84' lang='lat' dir='ltr'><strong>quamque</strong></span> <span class='ocrx_word' id='word_1_465' title='bbox 2646 3223 2949 3291; x_wconf 85' lang='lat' dir='ltr'><strong>potuerint,</strong></span> <span class='ocrx_word' id='word_1_466' title='bbox 2998 3205 3427 3295; x_wconf 60' lang='lat' dir='ltr'><strong>petulantissime</strong></span> <span class='ocrx_word' id='word_1_467' title='bbox 3459 3240 3520 3287; x_wconf 90' lang='lat' dir='ltr'><strong>et</strong></span> 
     </span>
    </p>
   </div>
   <div class='ocr_carea' id='block_1_64' title="bbox 268 3302 1839 3374">
    <p class='ocr_par' dir='ltr' id='par_1_64' title="bbox 268 3302 1839 3374">
     <span class='ocr_line' id='line_1_64' title="bbox 268 3302 1839 3374; baseline -0.004 -14"><span class='ocrx_word' id='word_1_468' title='bbox 268 3307 527 3368; x_wconf 86' lang='grc' dir='ltr'><strong>ϐαλόντες</strong></span> <span class='ocrx_word' id='word_1_469' title='bbox 557 3307 652 3361; x_wconf 82' lang='grc' dir='ltr'><strong>καὶ</strong></span> <span class='ocrx_word' id='word_1_470' title='bbox 696 3303 1234 3374; x_wconf 79' lang='grc' dir='ltr'><strong>συκοφαντήσαντες,</strong></span> <span class='ocrx_word' id='word_1_471' title='bbox 1266 3303 1362 3355; x_wconf 81' lang='grc' dir='ltr'><strong>καὶ</strong></span> <span class='ocrx_word' id='word_1_472' title='bbox 1391 3304 1491 3372; x_wconf 74' lang='grc' dir='ltr'><strong>τήν</strong></span> <span class='ocrx_word' id='word_1_473' title='bbox 1531 3318 1593 3354; x_wconf 87' lang='grc' dir='ltr'><strong>τε</strong></span> <span class='ocrx_word' id='word_1_474' title='bbox 1627 3302 1839 3373; x_wconf 83' lang='grc' dir='ltr'><strong>μητέρα</strong></span> 
     </span>
    </p>
   </div>
   <div class='ocr_carea' id='block_1_65' title="bbox 267 3394 1842 3468">
    <p class='ocr_par' dir='ltr' id='par_1_65' title="bbox 267 3394 1842 3468">
     <span class='ocr_line' id='line_1_65' title="bbox 267 3394 1842 3468; baseline -0.004 -16"><span class='ocrx_word' id='word_1_475' title='bbox 267 3400 453 3468; x_wconf 81' lang='grc' dir='ltr'><strong>ὀλίγου</strong></span> <span class='ocrx_word' id='word_1_476' title='bbox 489 3397 600 3452; x_wconf 80' lang='grc' dir='ltr'><strong>δεῖν</strong></span> <span class='ocrx_word' id='word_1_477' title='bbox 640 3398 971 3450; x_wconf 76' lang='grc' dir='ltr'><strong>ἀπέκτειναν</strong></span> <span class='ocrx_word' id='word_1_478' title='bbox 997 3395 1343 3466; x_wconf 67' lang='grc' dir='ltr'><strong>αὐτοχειρία,</strong></span> <span class='ocrx_word' id='word_1_479' title='bbox 1380 3395 1439 3446; x_wconf 74' lang='grc' dir='ltr'><strong>ὲν</strong></span> <span class='ocrx_word' id='word_1_480' title='bbox 1480 3394 1842 3464; x_wconf 79' lang='grc' dir='ltr'><strong>δεσμωτηρίῳ</strong></span> 
     </span>
    </p>
   </div>
   <div class='ocr_carea' id='block_1_66' title="bbox 270 3486 1844 3568">
    <p class='ocr_par' dir='ltr' id='par_1_66' title="bbox 270 3486 1844 3568">
     <span class='ocr_line' id='line_1_66' title="bbox 270 3486 1844 3568; baseline -0.004 -23"><span class='ocrx_word' id='word_1_481' title='bbox 270 3491 540 3545; x_wconf 81' lang='grc' dir='ltr'><strong>νοσοῦσαν</strong></span> <span class='ocrx_word' id='word_1_482' title='bbox 587 3487 850 3559; x_wconf 81' lang='grc' dir='ltr'><strong>προνοίας</strong></span> <span class='ocrx_word' id='word_1_483' title='bbox 899 3487 1234 3553; x_wconf 78' lang='grc' dir='ltr'><strong>ἀξιώσαντες</strong></span> <span class='ocrx_word' id='word_1_484' title='bbox 1287 3486 1722 3568; x_wconf 72' lang='grc' dir='ltr'><strong>μηδεμιᾶς,’κα“ι</strong></span> <span class='ocrx_word' id='word_1_485' title='bbox 1753 3488 1844 3539; x_wconf 72' lang='grc' dir='ltr'><strong>τὸν</strong></span> 
     </span>
    </p>
   </div>
   <div class='ocr_carea' id='block_1_67' title="bbox 270 3579 1843 3648">
    <p class='ocr_par' dir='ltr' id='par_1_67' title="bbox 270 3579 1843 3648">
     <span class='ocr_line' id='line_1_67' title="bbox 270 3579 1843 3648; baseline -0.004 -13"><span class='ocrx_word' id='word_1_486' title='bbox 270 3584 386 3635; x_wconf 77' lang='grc' dir='ltr'><strong>υἱὸν</strong></span> <span class='ocrx_word' id='word_1_487' title='bbox 416 3580 572 3636; x_wconf 76' lang='grc' dir='ltr'><strong>οὔπω</strong></span> <span class='ocrx_word' id='word_1_488' title='bbox 620 3582 829 3635; x_wconf 85' lang='grc' dir='ltr'><strong>δώδεκα</strong></span> <span class='ocrx_word' id='word_1_489' title='bbox 876 3580 973 3648; x_wconf 74' lang='grc' dir='ltr'><strong>ἐτη</strong></span> <span class='ocrx_word' id='word_1_490' title='bbox 1006 3582 1293 3648; x_wconf 82' lang='grc' dir='ltr'><strong>γεγονότα,</strong></span> <span class='ocrx_word' id='word_1_491' title='bbox 1314 3580 1410 3632; x_wconf 79' lang='grc' dir='ltr'><strong>καὶ</strong></span> <span class='ocrx_word' id='word_1_492' title='bbox 1442 3579 1611 3648; x_wconf 73' lang='grc' dir='ltr'><strong>μηδὲν</strong></span> <span class='ocrx_word' id='word_1_493' title='bbox 1645 3579 1843 3641; x_wconf 75' lang='grc' dir='ltr'><strong>αὐτοὺς</strong></span> 
     </span>
    </p>
   </div>
   <div class='ocr_carea' id='block_1_68' title="bbox 268 3668 1843 3746">
    <p class='ocr_par' dir='ltr' id='par_1_68' title="bbox 268 3668 1843 3746">
     <span class='ocr_line' id='line_1_68' title="bbox 268 3668 1843 3746; baseline -0.003 -19"><span class='ocrx_word' id='word_1_494' title='bbox 268 3673 594 3746; x_wconf 71' lang='grc' dir='ltr'><strong>ἠδικηκότα,</strong></span> <span class='ocrx_word' id='word_1_495' title='bbox 624 3672 713 3727; x_wconf 75' lang='grc' dir='ltr'><strong>διὰ</strong></span> <span class='ocrx_word' id='word_1_496' title='bbox 740 3671 836 3741; x_wconf 68' lang='grc' dir='ltr'><strong>τὴν</strong></span> <span class='ocrx_word' id='word_1_497' title='bbox 867 3670 1003 3741; x_wconf 79' lang='grc' dir='ltr'><strong>πρὸς</strong></span> <span class='ocrx_word' id='word_1_498' title='bbox 1027 3670 1129 3742; x_wconf 75' lang='grc' dir='ltr'><strong>ἐμὲ</strong></span> <span class='ocrx_word' id='word_1_499' title='bbox 1151 3669 1476 3740; x_wconf 80' lang='grc' dir='ltr'><strong>ἀπέχθειαν,</strong></span> <span class='ocrx_word' id='word_1_500' title='bbox 1497 3670 1601 3722; x_wconf 79' lang='grc' dir='ltr'><strong>ὑπὸ</strong></span> <span class='ocrx_word' id='word_1_501' title='bbox 1624 3668 1843 3737; x_wconf 81' lang='grc' dir='ltr'><strong>δεσμοῖς</strong></span> 
     </span>
    </p>
   </div>
   <div class='ocr_carea' id='block_1_69' title="bbox 266 3757 1843 3834">
    <p class='ocr_par' dir='ltr' id='par_1_69' title="bbox 266 3757 1843 3834">
     <span class='ocr_line' id='line_1_69' title="bbox 266 3757 1843 3834; baseline -0.007 -14"><span class='ocrx_word' id='word_1_502' title='bbox 266 3766 614 3833; x_wconf 69' lang='grc' dir='ltr'><strong>κατέστησαν</strong></span> <span class='ocrx_word' id='word_1_503' title='bbox 633 3762 885 3819; x_wconf 59' lang='lat' dir='ltr'><strong>coccinea</strong></span> <span class='ocrx_word' id='word_1_504' title='bbox 910 3761 1118 3834; x_wconf 81' lang='grc' dir='ltr'><strong>χρόνον,</strong></span> <span class='ocrx_word' id='word_1_505' title='bbox 1139 3761 1371 3820; x_wconf 76' lang='grc' dir='ltr'><strong>καὶτοὺς</strong></span> <span class='ocrx_word' id='word_1_506' title='bbox 1388 3757 1573 3829; x_wconf 75' lang='grc' dir='ltr'><strong>φίλους</strong></span> <span class='ocrx_word' id='word_1_507' title='bbox 1601 3758 1843 3821; x_wconf 73' lang='grc' dir='ltr'><strong>ἅπαντας</strong></span> 
     </span>
    </p>
   </div>
   <div class='ocr_carea' id='block_1_70' title="bbox 266 3853 1843 3927">
    <p class='ocr_par' dir='ltr' id='par_1_70' title="bbox 266 3853 1843 3927">
     <span class='ocr_line' id='line_1_70' title="bbox 266 3853 1843 3927; baseline -0.006 -14"><span class='ocrx_word' id='word_1_508' title='bbox 266 3857 585 3927; x_wconf 73' lang='grc' dir='ltr'><strong>διέφθειραν</strong></span> <span class='ocrx_word' id='word_1_509' title='bbox 636 3857 731 3910; x_wconf 74' lang='grc' dir='ltr'><strong>καὶ</strong></span> <span class='ocrx_word' id='word_1_510' title='bbox 772 3857 899 3919; x_wconf 76' lang='grc' dir='ltr'><strong>τοὺς</strong></span> <span class='ocrx_word' id='word_1_511' title='bbox 946 3854 1216 3917; x_wconf 74' lang='grc' dir='ltr'><strong>οἰκείουςο</strong></span> <span class='ocrx_word' id='word_1_512' title='bbox 1250 3854 1344 3908; x_wconf 76' lang='grc' dir='ltr'><strong>καὶ</strong></span> <span class='ocrx_word' id='word_1_513' title='bbox 1388 3853 1542 3906; x_wconf 79' lang='grc' dir='ltr'><strong>οὐδὲν</strong></span> <span class='ocrx_word' id='word_1_514' title='bbox 1576 3853 1843 3921; x_wconf 78' lang='grc' dir='ltr'><strong>ἀπέλιπον</strong></span> 
     </span>
    </p>
   </div>
   <div class='ocr_carea' id='block_1_71' title="bbox 271 3943 1841 4020">
    <p class='ocr_par' dir='ltr' id='par_1_71' title="bbox 271 3943 1841 4020">
     <span class='ocr_line' id='line_1_71' title="bbox 271 3943 1841 4020; baseline -0.003 -18"><span class='ocrx_word' id='word_1_515' title='bbox 271 3949 560 4020; x_wconf 79' lang='grc' dir='ltr'><strong>παροινίας</strong></span> <span class='ocrx_word' id='word_1_516' title='bbox 596 3947 716 3999; x_wconf 77' lang='grc' dir='ltr'><strong>οὐδὲ</strong></span> <span class='ocrx_word' id='word_1_517' title='bbox 745 3946 980 4017; x_wconf 76' lang='grc' dir='ltr'><strong>ὓϐρεως.</strong></span> <span class='ocrx_word' id='word_1_518' title='bbox 1023 3944 1131 3999; x_wconf 80' lang='grc' dir='ltr'><strong>Ἐὦ</strong></span> <span class='ocrx_word' id='word_1_519' title='bbox 1164 3947 1275 4016; x_wconf 80' lang='grc' dir='ltr'><strong>γὰρ</strong></span> <span class='ocrx_word' id='word_1_520' title='bbox 1302 3946 1482 4011; x_wconf 87' lang='grc' dir='ltr'><strong>λέγειν</strong></span> <span class='ocrx_word' id='word_1_521' title='bbox 1511 3944 1611 4015; x_wconf 78' lang='grc' dir='ltr'><strong>τὴν</strong></span> <span class='ocrx_word' id='word_1_522' title='bbox 1648 3943 1841 3997; x_wconf 85' lang='grc' dir='ltr'><strong>τοσού-</strong></span> 
     </span>
    </p>
   </div>
   <div class='ocr_carea' id='block_1_72' title="bbox 270 4033 1841 4109">
    <p class='ocr_par' dir='ltr' id='par_1_72' title="bbox 270 4033 1841 4109">
     <span class='ocr_line' id='line_1_72' title="bbox 270 4033 1841 4109; baseline -0.007 -13"><span class='ocrx_word' id='word_1_523' title='bbox 270 4058 369 4096; x_wconf 78' lang='grc' dir='ltr'><strong>του</strong></span> <span class='ocrx_word' id='word_1_524' title='bbox 400 4041 631 4097; x_wconf 77' lang='grc' dir='ltr'><strong>πλούτου</strong></span> <span class='ocrx_word' id='word_1_525' title='bbox 656 4038 967 4109; x_wconf 74' lang='grc' dir='ltr'><strong>διαρπαγὴν</strong></span> <span class='ocrx_word' id='word_1_526' title='bbox 994 4037 1129 4107; x_wconf 76' lang='grc' dir='ltr'><strong>ἐμοῦ</strong></span> <span class='ocrx_word' id='word_1_527' title='bbox 1161 4053 1221 4089; x_wconf 89' lang='grc' dir='ltr'><strong>τε</strong></span> <span class='ocrx_word' id='word_1_528' title='bbox 1256 4041 1353 4089; x_wconf 64' lang='grc' dir='ltr'><strong>καὶ</strong></span> <span class='ocrx_word' id='word_1_529' title='bbox 1390 4033 1501 4087; x_wconf 82' lang='grc' dir='ltr'><strong>τῶν</strong></span> <span class='ocrx_word' id='word_1_530' title='bbox 1538 4033 1841 4103; x_wconf 82' lang='grc' dir='ltr'><strong>συγγενῶν,</strong></span> 
     </span>
    </p>
   </div>
   <div class='ocr_carea' id='block_1_73' title="bbox 274 4126 1846 4198">
    <p class='ocr_par' dir='ltr' id='par_1_73' title="bbox 274 4126 1846 4198">
     <span class='ocr_line' id='line_1_73' title="bbox 274 4126 1846 4198; baseline -0.007 -10"><span class='ocrx_word' id='word_1_531' title='bbox 274 4131 369 4197; x_wconf 81' lang='grc' dir='ltr'><strong>οὓς</strong></span> <span class='ocrx_word' id='word_1_532' title='bbox 414 4133 523 4186; x_wconf 70' lang='grc' dir='ltr'><strong>ἔδει</strong></span> <span class='ocrx_word' id='word_1_533' title='bbox 555 4132 825 4198; x_wconf 74' lang='grc' dir='ltr'><strong>τοσαύτην</strong></span> <span class='ocrx_word' id='word_1_534' title='bbox 872 4128 1072 4182; x_wconf 80' lang='grc' dir='ltr'><strong>κακίαν</strong></span> <span class='ocrx_word' id='word_1_535' title='bbox 1117 4127 1431 4190; x_wconf 83' lang='grc' dir='ltr'><strong>συνειδότας</strong></span> <span class='ocrx_word' id='word_1_536' title='bbox 1485 4129 1719 4189; x_wconf 73' lang='grc' dir='ltr'><strong>ἑαυτοῖς,</strong></span> <span class='ocrx_word' id='word_1_537' title='bbox 1750 4126 1846 4179; x_wconf 75' lang='grc' dir='ltr'><strong>καὶ</strong></span> 
     </span>
    </p>
   </div>
   <div class='ocr_carea' id='block_1_74' title="bbox 272 4214 1846 4304">
    <p class='ocr_par' dir='ltr' id='par_1_74' title="bbox 272 4214 1846 4304">
     <span class='ocr_line' id='line_1_74' title="bbox 272 4214 1846 4304; baseline -0.006 -28"><span class='ocrx_word' id='word_1_538' title='bbox 272 4222 351 4286; x_wconf 76' lang='grc' dir='ltr'><strong>ὡς</strong></span> <span class='ocrx_word' id='word_1_539' title='bbox 380 4222 478 4294; x_wconf 80' lang='grc' dir='ltr'><strong>τῆς</strong></span> <span class='ocrx_word' id='word_1_540' title='bbox 499 4220 783 4288; x_wconf 76' lang='grc' dir='ltr'><strong>ἀμυθήτου</strong></span> <span class='ocrx_word' id='word_1_541' title='bbox 802 4219 1004 4289; x_wconf 80' lang='grc' dir='ltr'><strong>φθορᾶς</strong></span> <span class='ocrx_word' id='word_1_542' title='bbox 1034 4216 1323 4288; x_wconf 85' lang='grc' dir='ltr'><strong>Ῥωμαίων</strong></span> <span class='ocrx_word' id='word_1_543' title='bbox 1353 4214 1664 4304; x_wconf 71' lang='grc' dir='ltr'><strong>αἰτιώτατοι</strong></span> <span class='ocrx_word' id='word_1_544' title='bbox 1686 4215 1846 4283; x_wconf 87' lang='grc' dir='ltr'><strong>γεγέ-</strong></span> 
     </span>
    </p>
   </div>
   <div class='ocr_carea' id='block_1_75' title="bbox 275 4310 1846 4386">
    <p class='ocr_par' dir='ltr' id='par_1_75' title="bbox 275 4310 1846 4386">
     <span class='ocr_line' id='line_1_75' title="bbox 275 4310 1846 4386; baseline -0.006 -15"><span class='ocrx_word' id='word_1_545' title='bbox 275 4334 486 4386; x_wconf 70' lang='grc' dir='ltr'><strong>νηνται,</strong></span> <span class='ocrx_word' id='word_1_546' title='bbox 503 4316 648 4369; x_wconf 76' lang='grc' dir='ltr'><strong>ἔλεον</strong></span> <span class='ocrx_word' id='word_1_547' title='bbox 661 4315 768 4368; x_wconf 80' lang='grc' dir='ltr'><strong>τῶν</strong></span> <span class='ocrx_word' id='word_1_548' title='bbox 794 4314 1066 4384; x_wconf 73' lang='grc' dir='ltr'><strong>ὁσημέραι</strong></span> <span class='ocrx_word' id='word_1_549' title='bbox 1087 4311 1177 4365; x_wconf 79' lang='grc' dir='ltr'><strong>διὰ</strong></span> <span class='ocrx_word' id='word_1_550' title='bbox 1192 4311 1289 4382; x_wconf 77' lang='grc' dir='ltr'><strong>τὴν</strong></span> <span class='ocrx_word' id='word_1_551' title='bbox 1322 4311 1502 4364; x_wconf 74' lang='grc' dir='ltr'><strong>αὐτῶν</strong></span> <span class='ocrx_word' id='word_1_552' title='bbox 1520 4311 1724 4364; x_wconf 84' lang='grc' dir='ltr'><strong>κακίαν</strong></span> <span class='ocrx_word' id='word_1_553' title='bbox 1749 4310 1846 4365; x_wconf 70' lang='grc' dir='ltr'><strong>καὶ</strong></span> 
     </span>
    </p>
   </div>
   <div class='ocr_carea' id='block_1_76' title="bbox 279 4402 1844 4489">
    <p class='ocr_par' dir='ltr' id='par_1_76' title="bbox 279 4402 1844 4489">
     <span class='ocr_line' id='line_1_76' title="bbox 279 4402 1844 4489; baseline -0.006 -26"><span class='ocrx_word' id='word_1_554' title='bbox 279 4408 584 4481; x_wconf 81' lang='grc' dir='ltr'><strong>μοχθηρίαν</strong></span> <span class='ocrx_word' id='word_1_555' title='bbox 600 4407 865 4467; x_wconf 65' lang='grc' dir='ltr'><strong>λαϐόντας</strong></span> <span class='ocrx_word' id='word_1_556' title='bbox 886 4404 1275 4474; x_wconf 75' lang='grc' dir='ltr'><strong>κτεινομένων,</strong></span> <span class='ocrx_word' id='word_1_557' title='bbox 1294 4405 1544 4474; x_wconf 84' lang='grc' dir='ltr'><strong>πρώτους</strong></span> <span class='ocrx_word' id='word_1_558' title='bbox 1564 4404 1632 4489; x_wconf 80' lang='grc' dir='ltr'><strong>τῇ</strong></span> <span class='ocrx_word' id='word_1_559' title='bbox 1652 4402 1844 4473; x_wconf 75' lang='grc' dir='ltr'><strong>εἰρήνῃ</strong></span> 
     </span>
    </p>
   </div>
   <div class='ocr_carea' id='block_1_77' title="bbox 276 4494 1843 4571">
    <p class='ocr_par' dir='ltr' id='par_1_77' title="bbox 276 4494 1843 4571">
     <span class='ocr_line' id='line_1_77' title="bbox 276 4494 1843 4571; baseline -0.004 -17"><span class='ocrx_word' id='word_1_560' title='bbox 276 4502 672 4571; x_wconf 77' lang='grc' dir='ltr'><strong>προσδραμεῖν,</strong></span> <span class='ocrx_word' id='word_1_561' title='bbox 720 4500 816 4552; x_wconf 76' lang='grc' dir='ltr'><strong>καὶ</strong></span> <span class='ocrx_word' id='word_1_562' title='bbox 865 4499 956 4550; x_wconf 78' lang='grc' dir='ltr'><strong>τὸν</strong></span> <span class='ocrx_word' id='word_1_563' title='bbox 1006 4496 1243 4564; x_wconf 83' lang='grc' dir='ltr'><strong>πόλεμον</strong></span> <span class='ocrx_word' id='word_1_564' title='bbox 1299 4494 1622 4561; x_wconf 72' lang='grc' dir='ltr'><strong>σπουδάζειν</strong></span> <span class='ocrx_word' id='word_1_565' title='bbox 1674 4513 1843 4549; x_wconf 83' lang='grc' dir='ltr'><strong>κατα·</strong></span> 
     </span>
    </p>
   </div>
   <div class='ocr_carea' id='block_1_78' title="bbox 1947 3308 3514 3394">
    <p class='ocr_par' dir='ltr' id='par_1_78' title="bbox 1947 3308 3514 3394">
     <span class='ocr_line' id='line_1_78' title="bbox 1947 3308 3514 3394; baseline 0.011 -30"><span class='ocrx_word' id='word_1_566' title='bbox 1947 3308 2491 3369; x_wconf 81' lang='lat' dir='ltr'><strong>contumeliosissime</strong></span> <span class='ocrx_word' id='word_1_567' title='bbox 2520 3328 2581 3370; x_wconf 88' lang='lat' dir='ltr'><strong>se</strong></span> <span class='ocrx_word' id='word_1_568' title='bbox 2610 3316 2866 3385; x_wconf 81' lang='lat' dir='ltr'><strong>gessisse.</strong></span> <span class='ocrx_word' id='word_1_569' title='bbox 2895 3316 3074 3375; x_wconf 86' lang='lat' dir='ltr'><strong>Taceo</strong></span> <span class='ocrx_word' id='word_1_570' title='bbox 3113 3322 3285 3389; x_wconf 90' lang='lat' dir='ltr'><strong>enim,</strong></span> <span class='ocrx_word' id='word_1_571' title='bbox 3313 3323 3514 3394; x_wconf 87' lang='lat' dir='ltr'><strong>inquit.</strong></span> 
     </span>
    </p>
   </div>
   <div class='ocr_carea' id='block_1_79' title="bbox 1948 3406 3520 3491">
    <p class='ocr_par' dir='ltr' id='par_1_79' title="bbox 1948 3406 3520 3491">
     <span class='ocr_line' id='line_1_79' title="bbox 1948 3406 3520 3491; baseline 0.014 -39"><span class='ocrx_word' id='word_1_572' title='bbox 1948 3406 2218 3455; x_wconf 87' lang='lat' dir='ltr'><strong>tantarum</strong></span> <span class='ocrx_word' id='word_1_573' title='bbox 2247 3415 2435 3473; x_wconf 77' lang='lat' dir='ltr'><strong>npum,</strong></span> <span class='ocrx_word' id='word_1_574' title='bbox 2471 3414 2528 3461; x_wconf 89' lang='lat' dir='ltr'><strong>et</strong></span> <span class='ocrx_word' id='word_1_575' title='bbox 2567 3422 2833 3474; x_wconf 88' lang='lat' dir='ltr'><strong>mearum,</strong></span> <span class='ocrx_word' id='word_1_576' title='bbox 2864 3418 2918 3464; x_wconf 88' lang='lat' dir='ltr'><strong>et</strong></span> <span class='ocrx_word' id='word_1_577' title='bbox 2957 3419 3314 3483; x_wconf 75' lang='lat' dir='ltr'><strong>cognatorum</strong></span> <span class='ocrx_word' id='word_1_578' title='bbox 3334 3415 3520 3491; x_wconf 79' lang='lat' dir='ltr'><strong>direp-</strong></span> 
     </span>
    </p>
   </div>
   <div class='ocr_carea' id='block_1_80' title="bbox 1948 3492 3518 3567">
    <p class='ocr_par' dir='ltr' id='par_1_80' title="bbox 1948 3492 3518 3567">
     <span class='ocr_line' id='line_1_80' title="bbox 1948 3492 3518 3567; baseline 0.013 -20"><span class='ocrx_word' id='word_1_579' title='bbox 1948 3492 2175 3548; x_wconf 87' lang='lat' dir='ltr'><strong>tionem.</strong></span> <span class='ocrx_word' id='word_1_580' title='bbox 2208 3494 2360 3560; x_wconf 86' lang='lat' dir='ltr'><strong>Quos</strong></span> <span class='ocrx_word' id='word_1_581' title='bbox 2411 3499 2701 3566; x_wconf 66' lang='lat' dir='ltr'><strong>oportebat</strong></span> <span class='ocrx_word' id='word_1_582' title='bbox 2751 3508 3022 3558; x_wconf 86' lang='lat' dir='ltr'><strong>tantorum</strong></span> <span class='ocrx_word' id='word_1_583' title='bbox 3066 3505 3335 3562; x_wconf 90' lang='lat' dir='ltr'><strong>scelerum</strong></span> <span class='ocrx_word' id='word_1_584' title='bbox 3381 3524 3518 3567; x_wconf 88' lang='lat' dir='ltr'><strong>con-</strong></span> 
     </span>
    </p>
   </div>
   <div class='ocr_carea' id='block_1_81' title="bbox 1945 3584 3519 3658">
    <p class='ocr_par' dir='ltr' id='par_1_81' title="bbox 1945 3584 3519 3658">
     <span class='ocr_line' id='line_1_81' title="bbox 1945 3584 3519 3658; baseline 0.014 -21"><span class='ocrx_word' id='word_1_585' title='bbox 1945 3584 2176 3641; x_wconf 86' lang='lat' dir='ltr'><strong>scientia</strong></span> <span class='ocrx_word' id='word_1_586' title='bbox 2200 3586 2531 3656; x_wconf 84' lang='lat' dir='ltr'><strong>stimulatos,</strong></span> <span class='ocrx_word' id='word_1_587' title='bbox 2563 3600 2618 3646; x_wconf 83' lang='lat' dir='ltr'><strong>et</strong></span> <span class='ocrx_word' id='word_1_588' title='bbox 2642 3590 2920 3657; x_wconf 78' lang='lat' dir='ltr'><strong>Romanos</strong></span> <span class='ocrx_word' id='word_1_589' title='bbox 2946 3598 3017 3650; x_wconf 92' lang='lat' dir='ltr'><strong>ob</strong></span> <span class='ocrx_word' id='word_1_590' title='bbox 3061 3598 3401 3657; x_wconf 84' lang='lat' dir='ltr'><strong>calamitates</strong></span> <span class='ocrx_word' id='word_1_591' title='bbox 3432 3601 3519 3658; x_wconf 90' lang='lat' dir='ltr'><strong>in-</strong></span> 
     </span>
    </p>
   </div>
   <div class='ocr_carea' id='block_1_82' title="bbox 1945 3675 3516 3764">
    <p class='ocr_par' dir='ltr' id='par_1_82' title="bbox 1945 3675 3516 3764">
     <span class='ocr_line' id='line_1_82' title="bbox 1945 3675 3516 3764; baseline 0.013 -34"><span class='ocrx_word' id='word_1_592' title='bbox 1945 3675 2253 3742; x_wconf 87' lang='lat' dir='ltr'><strong>credibiles,</strong></span> <span class='ocrx_word' id='word_1_593' title='bbox 2313 3695 2501 3735; x_wconf 83' lang='lat' dir='ltr'><strong>eorum</strong></span> <span class='ocrx_word' id='word_1_594' title='bbox 2554 3697 2717 3753; x_wconf 43' lang='lat' dir='ltr'><strong>opi’ra</strong></span> <span class='ocrx_word' id='word_1_595' title='bbox 2773 3686 2949 3742; x_wconf 83' lang='lat' dir='ltr'><strong>illatas</strong></span> <span class='ocrx_word' id='word_1_596' title='bbox 2986 3698 3229 3758; x_wconf 70' lang='lat' dir='ltr'><strong>(propter</strong></span> <span class='ocrx_word' id='word_1_597' title='bbox 3284 3707 3516 3764; x_wconf 87' lang='lat' dir='ltr'><strong>quorum</strong></span> 
     </span>
    </p>
   </div>
   <div class='ocr_carea' id='block_1_83' title="bbox 1945 3769 3517 3851">
    <p class='ocr_par' dir='ltr' id='par_1_83' title="bbox 1945 3769 3517 3851">
     <span class='ocr_line' id='line_1_83' title="bbox 1945 3769 3517 3851; baseline 0.011 -28"><span class='ocrx_word' id='word_1_598' title='bbox 1945 3769 2246 3838; x_wconf 87' lang='lat' dir='ltr'><strong>nequitiam</strong></span> <span class='ocrx_word' id='word_1_599' title='bbox 2289 3780 2346 3825; x_wconf 89' lang='lat' dir='ltr'><strong>et</strong></span> <span class='ocrx_word' id='word_1_600' title='bbox 2403 3772 2805 3842; x_wconf 85' lang='lat' dir='ltr'><strong>improbitatem</strong></span> <span class='ocrx_word' id='word_1_601' title='bbox 2838 3780 3078 3844; x_wconf 84' lang='lat' dir='ltr'><strong>quot-die</strong></span> <span class='ocrx_word' id='word_1_602' title='bbox 3130 3784 3517 3851; x_wconf 83' lang='lat' dir='ltr'><strong>trucidantur),</strong></span> 
     </span>
    </p>
   </div>
   <div class='ocr_carea' id='block_1_84' title="bbox 1947 3860 3518 3938">
    <p class='ocr_par' dir='ltr' id='par_1_84' title="bbox 1947 3860 3518 3938">
     <span class='ocr_line' id='line_1_84' title="bbox 1947 3860 3518 3938; baseline 0.011 -23"><span class='ocrx_word' id='word_1_603' title='bbox 1947 3860 2252 3931; x_wconf 81' lang='lat' dir='ltr'><strong>miseratus,</strong></span> <span class='ocrx_word' id='word_1_604' title='bbox 2286 3862 2492 3935; x_wconf 84' lang='lat' dir='ltr'><strong>primos</strong></span> <span class='ocrx_word' id='word_1_605' title='bbox 2512 3880 2697 3932; x_wconf 82' lang='lat' dir='ltr'><strong>pacem</strong></span> <span class='ocrx_word' id='word_1_606' title='bbox 2726 3869 3003 3938; x_wconf 84' lang='lat' dir='ltr'><strong>amplecti,</strong></span> <span class='ocrx_word' id='word_1_607' title='bbox 3038 3880 3095 3927; x_wconf 89' lang='lat' dir='ltr'><strong>et</strong></span> <span class='ocrx_word' id='word_1_608' title='bbox 3126 3874 3349 3931; x_wconf 84' lang='lat' dir='ltr'><strong>studere</strong></span> <span class='ocrx_word' id='word_1_609' title='bbox 3396 3878 3518 3932; x_wconf 84' lang='lat' dir='ltr'><strong>bel-</strong></span> 
     </span>
    </p>
   </div>
   <div class='ocr_carea' id='block_1_85' title="bbox 1947 3953 3519 4041">
    <p class='ocr_par' dir='ltr' id='par_1_85' title="bbox 1947 3953 3519 4041">
     <span class='ocr_line' id='line_1_85' title="bbox 1947 3953 3519 4041; baseline 0.011 -34"><span class='ocrx_word' id='word_1_610' title='bbox 1947 3953 2058 4010; x_wconf 90' lang='lat' dir='ltr'><strong>lum</strong></span> <span class='ocrx_word' id='word_1_611' title='bbox 2086 3954 2360 4026; x_wconf 67' lang='lat' dir='ltr'><strong>disjieere.</strong></span> <span class='ocrx_word' id='word_1_612' title='bbox 2390 3957 2657 4026; x_wconf 84' lang='lat' dir='ltr'><strong>Quoniam</strong></span> <span class='ocrx_word' id='word_1_613' title='bbox 2702 3970 2889 4016; x_wconf 84' lang='lat' dir='ltr'><strong>autem</strong></span> <span class='ocrx_word' id='word_1_614' title='bbox 2920 3963 3063 4018; x_wconf 80' lang='lat' dir='ltr'><strong>aliud</strong></span> <span class='ocrx_word' id='word_1_615' title='bbox 3094 3980 3203 4039; x_wconf 84' lang='lat' dir='ltr'><strong>non</strong></span> <span class='ocrx_word' id='word_1_616' title='bbox 3257 3977 3519 4041; x_wconf 70' lang='lat' dir='ltr'><strong>cogitant,</strong></span> 
     </span>
    </p>
   </div>
   <div class='ocr_carea' id='block_1_86' title="bbox 1946 4049 3517 4132">
    <p class='ocr_par' dir='ltr' id='par_1_86' title="bbox 1946 4049 3517 4132">
     <span class='ocr_line' id='line_1_86' title="bbox 1946 4049 3517 4132; baseline 0.01 -32"><span class='ocrx_word' id='word_1_617' title='bbox 1946 4062 2111 4116; x_wconf 79' lang='lat' dir='ltr'><strong>quam</strong></span> <span class='ocrx_word' id='word_1_618' title='bbox 2141 4058 2200 4104; x_wconf 91' lang='lat' dir='ltr'><strong>ut</strong></span> <span class='ocrx_word' id='word_1_619' title='bbox 2223 4049 2324 4104; x_wconf 87' lang='lat' dir='ltr'><strong>soli</strong></span> <span class='ocrx_word' id='word_1_620' title='bbox 2360 4064 2545 4105; x_wconf 86' lang='lat' dir='ltr'><strong>rerum</strong></span> <span class='ocrx_word' id='word_1_621' title='bbox 2583 4052 2934 4115; x_wconf 78' lang='lat' dir='ltr'><strong>doiiijnentur</strong></span> <span class='ocrx_word' id='word_1_622' title='bbox 2984 4057 3051 4114; x_wconf 85' lang='lat' dir='ltr'><strong>(si</strong></span> <span class='ocrx_word' id='word_1_623' title='bbox 3103 4063 3264 4115; x_wconf 89' lang='lat' dir='ltr'><strong>modo</strong></span> <span class='ocrx_word' id='word_1_624' title='bbox 3314 4062 3517 4132; x_wconf 77' lang='lat' dir='ltr'><strong>aliquid</strong></span> 
     </span>
    </p>
   </div>
   <div class='ocr_carea' id='block_1_87' title="bbox 1950 4139 3517 4215">
    <p class='ocr_par' dir='ltr' id='par_1_87' title="bbox 1950 4139 3517 4215">
     <span class='ocr_line' id='line_1_87' title="bbox 1950 4139 3517 4215; baseline 0.012 -23"><span class='ocrx_word' id='word_1_625' title='bbox 1950 4153 2129 4192; x_wconf 85' lang='lat' dir='ltr'><strong>rerum</strong></span> <span class='ocrx_word' id='word_1_626' title='bbox 2158 4139 2407 4195; x_wconf 84' lang='lat' dir='ltr'><strong>relictqu</strong></span> <span class='ocrx_word' id='word_1_627' title='bbox 2434 4143 2939 4215; x_wconf 84' lang='lat' dir='ltr'><strong>est),subditosque</strong></span> <span class='ocrx_word' id='word_1_628' title='bbox 2967 4148 3117 4202; x_wconf 90' lang='lat' dir='ltr'><strong>nullo</strong></span> <span class='ocrx_word' id='word_1_629' title='bbox 3141 4149 3263 4207; x_wconf 81' lang='lat' dir='ltr'><strong>loco</strong></span> <span class='ocrx_word' id='word_1_630' title='bbox 3290 4152 3517 4213; x_wconf 88' lang='lat' dir='ltr'><strong>ducunt.</strong></span> 
     </span>
    </p>
   </div>
   <div class='ocr_carea' id='block_1_88' title="bbox 1948 4229 3516 4305">
    <p class='ocr_par' dir='ltr' id='par_1_88' title="bbox 1948 4229 3516 4305">
     <span class='ocr_line' id='line_1_88' title="bbox 1948 4229 3516 4305; baseline 0.01 -21"><span class='ocrx_word' id='word_1_631' title='bbox 1948 4244 2049 4300; x_wconf 73' lang='lat' dir='ltr'><strong>ego</strong></span> <span class='ocrx_word' id='word_1_632' title='bbox 2076 4229 2532 4300; x_wconf 83' lang='lat' dir='ltr'><strong>quemadmodum</strong></span> <span class='ocrx_word' id='word_1_633' title='bbox 2564 4234 2690 4289; x_wconf 88' lang='lat' dir='ltr'><strong>inde</strong></span> <span class='ocrx_word' id='word_1_634' title='bbox 2709 4250 2739 4289; x_wconf 86' lang='lat' dir='ltr'><strong>a</strong></span> <span class='ocrx_word' id='word_1_635' title='bbox 2762 4238 3060 4305; x_wconf 86' lang='lat' dir='ltr'><strong>primordio</strong></span> <span class='ocrx_word' id='word_1_636' title='bbox 3076 4239 3143 4294; x_wconf 90' lang='lat' dir='ltr'><strong>ad</strong></span> <span class='ocrx_word' id='word_1_637' title='bbox 3170 4256 3516 4300; x_wconf 86' lang='lat' dir='ltr'><strong>communem</strong></span> 
     </span>
    </p>
   </div>
   <div class='ocr_carea' id='block_1_89' title="bbox 1948 4321 3517 4403">
    <p class='ocr_par' dir='ltr' id='par_1_89' title="bbox 1948 4321 3517 4403">
     <span class='ocr_line' id='line_1_89' title="bbox 1948 4321 3517 4403; baseline 0.011 -30"><span class='ocrx_word' id='word_1_638' title='bbox 1948 4321 2177 4375; x_wconf 82' lang='lat' dir='ltr'><strong>salutem</strong></span> <span class='ocrx_word' id='word_1_639' title='bbox 2206 4335 2367 4376; x_wconf 88' lang='lat' dir='ltr'><strong>omne</strong></span> <span class='ocrx_word' id='word_1_640' title='bbox 2383 4338 2562 4378; x_wconf 88' lang='lat' dir='ltr'><strong>meum</strong></span> <span class='ocrx_word' id='word_1_641' title='bbox 2592 4324 2831 4382; x_wconf 74' lang='lat' dir='ltr'><strong>studium</strong></span> <span class='ocrx_word' id='word_1_642' title='bbox 2872 4327 3223 4403; x_wconf 79' lang='lat' dir='ltr'><strong>laboremque</strong></span> <span class='ocrx_word' id='word_1_643' title='bbox 3274 4336 3517 4390; x_wconf 81' lang='lat' dir='ltr'><strong>contuli:</strong></span> 
     </span>
    </p>
   </div>
   <div class='ocr_carea' id='block_1_90' title="bbox 1948 4414 3521 4491">
    <p class='ocr_par' dir='ltr' id='par_1_90' title="bbox 1948 4414 3521 4491">
     <span class='ocr_line' id='line_1_90' title="bbox 1948 4414 3521 4491; baseline 0.011 -24"><span class='ocrx_word' id='word_1_644' title='bbox 1948 4414 2028 4468; x_wconf 90' lang='lat' dir='ltr'><strong>sic</strong></span> <span class='ocrx_word' id='word_1_645' title='bbox 2052 4422 2107 4468; x_wconf 91' lang='lat' dir='ltr'><strong>ct</strong></span> <span class='ocrx_word' id='word_1_646' title='bbox 2134 4430 2276 4469; x_wconf 89' lang='lat' dir='ltr'><strong>nunc</strong></span> <span class='ocrx_word' id='word_1_647' title='bbox 2296 4430 2415 4485; x_wconf 70' lang='lat' dir='ltr'><strong>quae</strong></span> <span class='ocrx_word' id='word_1_648' title='bbox 2443 4417 2698 4472; x_wconf 83' lang='lat' dir='ltr'><strong>omnibus</strong></span> <span class='ocrx_word' id='word_1_649' title='bbox 2721 4420 2999 4489; x_wconf 85' lang='lat' dir='ltr'><strong>profutura</strong></span> <span class='ocrx_word' id='word_1_650' title='bbox 3020 4424 3151 4491; x_wconf 89' lang='lat' dir='ltr'><strong>sint,</strong></span> <span class='ocrx_word' id='word_1_651' title='bbox 3184 4429 3364 4481; x_wconf 86' lang='lat' dir='ltr'><strong>omnia</strong></span> <span class='ocrx_word' id='word_1_652' title='bbox 3403 4430 3521 4489; x_wconf 80' lang='lat' dir='ltr'><strong>eili-</strong></span> 
     </span>
    </p>
   </div>
   <div class='ocr_carea' id='block_1_91' title="bbox 1950 4506 3522 4588">
    <p class='ocr_par' dir='ltr' id='par_1_91' title="bbox 1950 4506 3522 4588">
     <span class='ocr_line' id='line_1_91' title="bbox 1950 4506 3522 4588; baseline 0.013 -31"><span class='ocrx_word' id='word_1_653' title='bbox 1950 4519 2087 4561; x_wconf 87' lang='lat' dir='ltr'><strong>cam.</strong></span> <span class='ocrx_word' id='word_1_654' title='bbox 2112 4506 2153 4560; x_wconf 78' lang='grc' dir='ltr'>Ε</span> <span class='ocrx_word' id='word_1_655' title='bbox 2172 4508 2368 4576; x_wconf 81' lang='lat' dir='ltr'><strong>quibus</strong></span> <span class='ocrx_word' id='word_1_656' title='bbox 2387 4507 2578 4564; x_wconf 56' lang='lat' dir='ltr'><strong>licebit</strong></span> <span class='ocrx_word' id='word_1_657' title='bbox 2600 4510 2706 4566; x_wconf 90' lang='lat' dir='ltr'><strong>illis</strong></span> <span class='ocrx_word' id='word_1_658' title='bbox 2722 4520 2817 4566; x_wconf 90' lang='lat' dir='ltr'><strong>aut</strong></span> <span class='ocrx_word' id='word_1_659' title='bbox 2836 4513 3056 4570; x_wconf 87' lang='lat' dir='ltr'><strong>meliora</strong></span> <span class='ocrx_word' id='word_1_660' title='bbox 3080 4518 3301 4588; x_wconf 76' lang='lat' dir='ltr'><strong>eligere,</strong></span> <span class='ocrx_word' id='word_1_661' title='bbox 3323 4522 3367 4577; x_wconf 90' lang='lat' dir='ltr'><strong>si</strong></span> <span class='ocrx_word' id='word_1_662' title='bbox 3403 4523 3522 4577; x_wconf 87' lang='lat' dir='ltr'><strong>uni-</strong></span> 
     </span>
    </p>
   </div>
   <div class='ocr_carea' id='block_1_92' title="bbox 274 4586 1842 4678">
    <p class='ocr_par' dir='ltr' id='par_1_92' title="bbox 274 4588 1834 4678">
     <span class='ocr_line' id='line_1_92' title="bbox 274 4588 1834 4678; baseline -0.004 -31"><span class='ocrx_word' id='word_1_663' title='bbox 274 4594 447 4649; x_wconf 81' lang='grc' dir='ltr'><strong>λύειν.</strong></span> <span class='ocrx_word' id='word_1_664' title='bbox 488 4591 642 4647; x_wconf 72' lang='grc' dir='ltr'><strong>Ἐπεὶ</strong></span> <span class='ocrx_word' id='word_1_665' title='bbox 663 4592 710 4644; x_wconf 83' lang='grc' dir='ltr'><strong>δ’</strong></span> <span class='ocrx_word' id='word_1_666' title='bbox 737 4590 969 4653; x_wconf 69' lang='grc' dir='ltr'><strong>ἐκείνοις</strong></span> <span class='ocrx_word' id='word_1_667' title='bbox 1007 4588 1222 4651; x_wconf 77' lang='grc' dir='ltr'><strong>οὐδενὸς</strong></span> <span class='ocrx_word' id='word_1_668' title='bbox 1252 4588 1439 4658; x_wconf 74' lang='grc' dir='ltr'><strong>ἐτέρου</strong></span> <span class='ocrx_word' id='word_1_669' title='bbox 1470 4589 1645 4678; x_wconf 85' lang='grc' dir='ltr'><strong>μέλει,</strong></span> <span class='ocrx_word' id='word_1_670' title='bbox 1672 4588 1707 4660; x_wconf 78' lang='grc' dir='ltr'><strong>ἢ</strong></span> <span class='ocrx_word' id='word_1_671' title='bbox 1739 4589 1834 4642; x_wconf 78' lang='grc' dir='ltr'><strong>τοῦ</strong></span> 
     </span>
    </p>
   </div>
   <div class='ocr_carea' id='block_1_93' title="bbox 1948 4586 3521 4678">
    <p class='ocr_par' dir='ltr' id='par_1_93' title="bbox 1949 4586 3521 4678">
     <span class='ocr_line' id='line_1_93' title="bbox 1949 4586 3521 4678; baseline 0.01 -28"><span class='ocrx_word' id='word_1_672' title='bbox 1949 4596 2188 4651; x_wconf 84' lang='lat' dir='ltr'><strong>versitati</strong></span> <span class='ocrx_word' id='word_1_673' title='bbox 2212 4597 2519 4651; x_wconf 88' lang='lat' dir='ltr'><strong>consultum</strong></span> <span class='ocrx_word' id='word_1_674' title='bbox 2541 4599 2727 4669; x_wconf 73' lang='lat' dir='ltr'><strong>velint,</strong></span> <span class='ocrx_word' id='word_1_675' title='bbox 2748 4611 2843 4656; x_wconf 85' lang='lat' dir='ltr'><strong>aut</strong></span> <span class='ocrx_word' id='word_1_676' title='bbox 2865 4603 3063 4661; x_wconf 87' lang='lat' dir='ltr'><strong>bellum</strong></span> <span class='ocrx_word' id='word_1_677' title='bbox 3090 4586 3361 4678; x_wconf 77' lang='lat' dir='ltr'><strong>accipere.</strong></span> <span class='ocrx_word' id='word_1_678' title='bbox 3391 4613 3437 4665; x_wconf 90' lang='lat' dir='ltr'><strong>si</strong></span> <span class='ocrx_word' id='word_1_679' title='bbox 3466 4613 3521 4667; x_wconf 81' lang='lat' dir='ltr'><strong>iil</strong></span> 
     </span>
    </p>
   </div>
   <div class='ocr_carea' id='block_1_94' title="bbox 270 4677 1836 4755">
    <p class='ocr_par' dir='ltr' id='par_1_94' title="bbox 270 4677 1836 4755">
     <span class='ocr_line' id='line_1_94' title="bbox 270 4677 1836 4755; baseline -0.008 -15"><span class='ocrx_word' id='word_1_680' title='bbox 270 4685 384 4740; x_wconf 82' lang='grc' dir='ltr'><strong>τῶν</strong></span> <span class='ocrx_word' id='word_1_681' title='bbox 409 4682 752 4755; x_wconf 80' lang='grc' dir='ltr'><strong>πραγμάτων</strong></span> <span class='ocrx_word' id='word_1_682' title='bbox 780 4681 958 4752; x_wconf 78' lang='grc' dir='ltr'><strong>μόνων</strong></span> <span class='ocrx_word' id='word_1_683' title='bbox 979 4679 1155 4749; x_wconf 73' lang='grc' dir='ltr'><strong>ἀρχὴν</strong></span> <span class='ocrx_word' id='word_1_684' title='bbox 1178 4677 1243 4731; x_wconf 78' lang='grc' dir='ltr'><strong>ἄν</strong></span> <span class='ocrx_word' id='word_1_685' title='bbox 1272 4677 1836 4749; x_wconf 80' lang='grc' dir='ltr'><strong>τινα’περιλειφθὼσι,</strong></span> 
     </span>
    </p>
   </div>
   <div class='ocr_carea' id='block_1_95' title="bbox 270 4768 1845 4845">
    <p class='ocr_par' dir='ltr' id='par_1_95' title="bbox 270 4768 1845 4845">
     <span class='ocr_line' id='line_1_95' title="bbox 270 4768 1845 4845; baseline -0.006 -14"><span class='ocrx_word' id='word_1_686' title='bbox 270 4777 385 4831; x_wconf 82' lang='grc' dir='ltr'><strong>τῶν</strong></span> <span class='ocrx_word' id='word_1_687' title='bbox 439 4775 484 4828; x_wconf 88' lang='grc' dir='ltr'><strong>δ’</strong></span> <span class='ocrx_word' id='word_1_688' title='bbox 539 4773 861 4845; x_wconf 82' lang='grc' dir='ltr'><strong>ἀρχομένων</strong></span> <span class='ocrx_word' id='word_1_689' title='bbox 908 4769 1171 4840; x_wconf 79' lang='grc' dir='ltr'><strong>οὐδεμίαν</strong></span> <span class='ocrx_word' id='word_1_690' title='bbox 1219 4769 1480 4841; x_wconf 82' lang='grc' dir='ltr'><strong>πρόνοιαν</strong></span> <span class='ocrx_word' id='word_1_691' title='bbox 1539 4768 1845 4835; x_wconf 82' lang='grc' dir='ltr'><strong>ποιοῦνται,</strong></span> 
     </span>
    </p>
   </div>
   <div class='ocr_carea' id='block_1_96' title="bbox 272 4860 1842 4937">
    <p class='ocr_par' dir='ltr' id='par_1_96' title="bbox 272 4860 1842 4937">
     <span class='ocr_line' id='line_1_96' title="bbox 272 4860 1842 4937; baseline -0.004 -17"><span class='ocrx_word' id='word_1_692' title='bbox 272 4867 465 4937; x_wconf 79' lang='grc' dir='ltr'><strong>ὥσπερ</strong></span> <span class='ocrx_word' id='word_1_693' title='bbox 492 4865 728 4937; x_wconf 74' lang='grc' dir='ltr'><strong>ὲξαρχῆς</strong></span> <span class='ocrx_word' id='word_1_694' title='bbox 777 4862 940 4925; x_wconf 75' lang='grc' dir='ltr'><strong>αὐτὸς</strong></span> <span class='ocrx_word' id='word_1_695' title='bbox 989 4860 1131 4929; x_wconf 70' lang='grc' dir='ltr'><strong>ὕπερ</strong></span> <span class='ocrx_word' id='word_1_696' title='bbox 1179 4864 1278 4931; x_wconf 76' lang='grc' dir='ltr'><strong>τῆς</strong></span> <span class='ocrx_word' id='word_1_697' title='bbox 1327 4862 1516 4930; x_wconf 77' lang='grc' dir='ltr'><strong>κοινῆς</strong></span> <span class='ocrx_word' id='word_1_698' title='bbox 1565 4860 1842 4933; x_wconf 84' lang='grc' dir='ltr'><strong>σωτηρίας</strong></span> 
     </span>
    </p>
   </div>
   <div class='ocr_carea' id='block_1_97' title="bbox 276 4948 1843 5027">
    <p class='ocr_par' dir='ltr' id='par_1_97' title="bbox 276 4948 1843 5027">
     <span class='ocr_line' id='line_1_97' title="bbox 276 4948 1843 5027; baseline -0.006 -15"><span class='ocrx_word' id='word_1_699' title='bbox 276 4948 461 5012; x_wconf 77' lang='grc' dir='ltr'><strong>πάντα</strong></span> <span class='ocrx_word' id='word_1_700' title='bbox 485 4952 1028 5027; x_wconf 69' lang='grc' dir='ltr'><strong>ἐπραγματευόμην,</strong></span> <span class='ocrx_word' id='word_1_701' title='bbox 1055 4950 1200 5005; x_wconf 74' lang='grc' dir='ltr'><strong>οὕτω</strong></span> <span class='ocrx_word' id='word_1_702' title='bbox 1228 4951 1325 5005; x_wconf 79' lang='grc' dir='ltr'><strong>καὶ</strong></span> <span class='ocrx_word' id='word_1_703' title='bbox 1347 4950 1443 5004; x_wconf 80' lang='grc' dir='ltr'><strong>νῦν</strong></span> <span class='ocrx_word' id='word_1_704' title='bbox 1485 4949 1522 5005; x_wconf 82' lang='grc' dir='ltr'>ἃ</span> <span class='ocrx_word' id='word_1_705' title='bbox 1551 4950 1686 5005; x_wconf 74' lang='grc' dir='ltr'><strong>πᾶσι</strong></span> <span class='ocrx_word' id='word_1_706' title='bbox 1717 4950 1843 5022; x_wconf 82' lang='grc' dir='ltr'><strong>μέλ-</strong></span> 
     </span>
    </p>
   </div>
   <div class='ocr_carea' id='block_1_98' title="bbox 273 5039 1841 5117">
    <p class='ocr_par' dir='ltr' id='par_1_98' title="bbox 273 5039 1841 5117">
     <span class='ocr_line' id='line_1_98' title="bbox 273 5039 1841 5117; baseline -0.004 -16"><span class='ocrx_word' id='word_1_707' title='bbox 273 5048 538 5117; x_wconf 23' lang='grc' dir='ltr'><strong>λεινκοινῇ</strong></span> <span class='ocrx_word' id='word_1_708' title='bbox 576 5044 843 5098; x_wconf 79' lang='grc' dir='ltr'><strong>συνοίσειν</strong></span> <span class='ocrx_word' id='word_1_709' title='bbox 874 5043 1053 5096; x_wconf 83' lang='grc' dir='ltr'><strong>πάντα</strong></span> <span class='ocrx_word' id='word_1_710' title='bbox 1082 5041 1214 5112; x_wconf 70' lang='grc' dir='ltr'><strong>ἐρῶ.</strong></span> <span class='ocrx_word' id='word_1_711' title='bbox 1251 5039 1500 5107; x_wconf 79' lang='grc' dir='ltr'><strong>Ἐξέσται</strong></span> <span class='ocrx_word' id='word_1_712' title='bbox 1544 5041 1602 5096; x_wconf 73' lang='grc' dir='ltr'><strong>δὲ</strong></span> <span class='ocrx_word' id='word_1_713' title='bbox 1634 5043 1841 5110; x_wconf 78' lang='grc' dir='ltr'><strong>αὐτοῖς,</strong></span> 
     </span>
    </p>
   </div>
   <div class='ocr_carea' id='block_1_99' title="bbox 274 5133 1842 5212">
    <p class='ocr_par' dir='ltr' id='par_1_99' title="bbox 274 5133 1842 5212">
     <span class='ocr_line' id='line_1_99' title="bbox 274 5133 1842 5212; baseline -0.002 -19"><span class='ocrx_word' id='word_1_714' title='bbox 274 5141 311 5212; x_wconf 77' lang='grc' dir='ltr'><strong>ἢ</strong></span> <span class='ocrx_word' id='word_1_715' title='bbox 352 5136 628 5211; x_wconf 87' lang='grc' dir='ltr'><strong>αἰρεῐσθαι</strong></span> <span class='ocrx_word' id='word_1_716' title='bbox 677 5136 748 5190; x_wconf 70' lang='grc' dir='ltr'><strong>τὰ</strong></span> <span class='ocrx_word' id='word_1_717' title='bbox 787 5136 982 5207; x_wconf 80' lang='grc' dir='ltr'><strong>βελτίω</strong></span> <span class='ocrx_word' id='word_1_718' title='bbox 1010 5134 1078 5190; x_wconf 75' lang='grc' dir='ltr'><strong>ἂν</strong></span> <span class='ocrx_word' id='word_1_719' title='bbox 1113 5135 1370 5204; x_wconf 82' lang='grc' dir='ltr'><strong>πρόνοιάν</strong></span> <span class='ocrx_word' id='word_1_720' title='bbox 1404 5152 1527 5189; x_wconf 88' lang='grc' dir='ltr'><strong>τινα</strong></span> <span class='ocrx_word' id='word_1_721' title='bbox 1575 5133 1842 5190; x_wconf 87' lang='grc' dir='ltr'><strong>ποιῶνται</strong></span> 
     </span>
    </p>
   </div>
   <div class='ocr_carea' id='block_1_100' title="bbox 273 5224 1844 5300">
    <p class='ocr_par' dir='ltr' id='par_1_100' title="bbox 273 5224 1844 5300">
     <span class='ocr_line' id='line_1_100' title="bbox 273 5224 1844 5300; baseline -0.001 -15"><span class='ocrx_word' id='word_1_722' title='bbox 273 5231 371 5285; x_wconf 80' lang='grc' dir='ltr'><strong>τοῦ</strong></span> <span class='ocrx_word' id='word_1_723' title='bbox 401 5226 661 5300; x_wconf 81' lang='grc' dir='ltr'><strong>κοινοῦ,ἦ</strong></span> <span class='ocrx_word' id='word_1_724' title='bbox 687 5231 779 5282; x_wconf 76' lang='grc' dir='ltr'><strong>τὸν</strong></span> <span class='ocrx_word' id='word_1_725' title='bbox 807 5228 1045 5297; x_wconf 85' lang='grc' dir='ltr'><strong>πόλεμον</strong></span> <span class='ocrx_word' id='word_1_726' title='bbox 1072 5225 1418 5292; x_wconf 75' lang='grc' dir='ltr'><strong>ἀσπάζεσθαι</strong></span> <span class='ocrx_word' id='word_1_727' title='bbox 1443 5224 1511 5280; x_wconf 74' lang='grc' dir='ltr'><strong>ἂν</strong></span> <span class='ocrx_word' id='word_1_728' title='bbox 1531 5226 1641 5281; x_wconf 83' lang='grc' dir='ltr'><strong>τῶν</strong></span> <span class='ocrx_word' id='word_1_729' title='bbox 1665 5226 1844 5283; x_wconf 73' lang='grc' dir='ltr'><strong>ἄλλων</strong></span> 
     </span>
    </p>
   </div>
   <div class='ocr_carea' id='block_1_101' title="bbox 278 5318 1844 5393">
    <p class='ocr_par' dir='ltr' id='par_1_101' title="bbox 278 5318 1844 5393">
     <span class='ocr_line' id='line_1_101' title="bbox 278 5318 1844 5393; baseline -0.002 -16"><span class='ocrx_word' id='word_1_730' title='bbox 278 5324 500 5377; x_wconf 66' lang='grc' dir='ltr'><strong>πάντων</strong></span> <span class='ocrx_word' id='word_1_731' title='bbox 522 5321 561 5377; x_wconf 75' lang='grc' dir='ltr'><strong>ἃ.</strong></span> <span class='ocrx_word' id='word_1_732' title='bbox 592 5320 906 5392; x_wconf 75' lang='grc' dir='ltr'><strong>νομίζουσιν</strong></span> <span class='ocrx_word' id='word_1_733' title='bbox 961 5321 1143 5385; x_wconf 85' lang='grc' dir='ltr'><strong>αὐτοῖς</strong></span> <span class='ocrx_word' id='word_1_734' title='bbox 1185 5320 1295 5393; x_wconf 78' lang='grc' dir='ltr'><strong>ἰδίᾳ</strong></span> <span class='ocrx_word' id='word_1_735' title='bbox 1336 5318 1618 5389; x_wconf 82' lang='grc' dir='ltr'><strong>διαφέρειν</strong></span> <span class='ocrx_word' id='word_1_736' title='bbox 1652 5335 1844 5390; x_wconf 83' lang='grc' dir='ltr'><strong>προτι-</strong></span> 
     </span>
    </p>
   </div>
   <div class='ocr_carea' id='block_1_102' title="bbox 282 5406 1846 5480">
    <p class='ocr_par' dir='ltr' id='par_1_102' title="bbox 282 5406 1846 5480">
     <span class='ocr_line' id='line_1_102' title="bbox 282 5406 1846 5480; baseline 0.001 -19"><span class='ocrx_word' id='word_1_737' title='bbox 282 5407 447 5480; x_wconf 84' lang='grc' dir='ltr'><strong>μῶσι.</strong></span> <span class='ocrx_word' id='word_1_738' title='bbox 479 5409 628 5480; x_wconf 72' lang='grc' dir='ltr'><strong>Φημί</strong></span> <span class='ocrx_word' id='word_1_739' title='bbox 657 5408 861 5471; x_wconf 87' lang='grc' dir='ltr'><strong>τοίνυν,</strong></span> <span class='ocrx_word' id='word_1_740' title='bbox 893 5406 969 5471; x_wconf 84' lang='grc' dir='ltr'><strong>ὡς</strong></span> <span class='ocrx_word' id='word_1_741' title='bbox 1017 5408 1111 5460; x_wconf 69' lang='grc' dir='ltr'><strong>ἑὰν</strong></span> <span class='ocrx_word' id='word_1_742' title='bbox 1150 5408 1251 5478; x_wconf 77' lang='grc' dir='ltr'><strong>μὲν</strong></span> <span class='ocrx_word' id='word_1_743' title='bbox 1280 5407 1584 5478; x_wconf 76' lang='grc' dir='ltr'><strong>ἐθελήσωσι</strong></span> <span class='ocrx_word' id='word_1_744' title='bbox 1617 5406 1846 5479; x_wconf 73' lang='grc' dir='ltr'><strong>βασιλέα</strong></span> 
     </span>
    </p>
   </div>
   <div class='ocr_carea' id='block_1_103' title="bbox 275 5497 1846 5571">
    <p class='ocr_par' dir='ltr' id='par_1_103' title="bbox 275 5497 1846 5571">
     <span class='ocr_line' id='line_1_103' title="bbox 275 5497 1846 5571; baseline -0.001 -16"><span class='ocrx_word' id='word_1_745' title='bbox 275 5498 550 5570; x_wconf 73' lang='grc' dir='ltr'><strong>δέχεσθαι,</strong></span> <span class='ocrx_word' id='word_1_746' title='bbox 579 5499 675 5553; x_wconf 84' lang='grc' dir='ltr'><strong>καὶ</strong></span> <span class='ocrx_word' id='word_1_747' title='bbox 703 5500 814 5565; x_wconf 88' lang='grc' dir='ltr'><strong>τοῖς</strong></span> <span class='ocrx_word' id='word_1_748' title='bbox 840 5501 999 5555; x_wconf 85' lang='grc' dir='ltr'><strong>παισί</strong></span> <span class='ocrx_word' id='word_1_749' title='bbox 1034 5497 1376 5570; x_wconf 81' lang='grc' dir='ltr'><strong>συνάρχοντα</strong></span> <span class='ocrx_word' id='word_1_750' title='bbox 1421 5498 1708 5571; x_wconf 70' lang='grc' dir='ltr'><strong>βασιλέως,</strong></span> <span class='ocrx_word' id='word_1_751' title='bbox 1734 5500 1846 5554; x_wconf 75' lang='grc' dir='ltr'><strong>οὐδ’</strong></span> 
     </span>
    </p>
   </div>
   <div class='ocr_carea' id='block_1_104' title="bbox 197 5582 1847 5658">
    <p class='ocr_par' dir='ltr' id='par_1_104' title="bbox 197 5582 1847 5658">
     <span class='ocr_line' id='line_1_104' title="bbox 197 5582 1847 5658; baseline -0.001 -16"><span class='ocrx_word' id='word_1_752' title='bbox 197 5593 201 5597; x_wconf 85' lang='grc'><strong>’</strong></span> <span class='ocrx_word' id='word_1_753' title='bbox 279 5582 447 5642; x_wconf 74' lang='grc' dir='ltr'><strong>αὐτὸν</strong></span> <span class='ocrx_word' id='word_1_754' title='bbox 479 5587 1035 5657; x_wconf 76' lang='grc' dir='ltr'><strong>πολυπραγμονήσειν</strong></span> <span class='ocrx_word' id='word_1_755' title='bbox 1087 5588 1252 5657; x_wconf 77' lang='grc' dir='ltr'><strong>μηδὲν</strong></span> <span class='ocrx_word' id='word_1_756' title='bbox 1291 5587 1420 5658; x_wconf 76' lang='grc' dir='ltr'><strong>περὶ</strong></span> <span class='ocrx_word' id='word_1_757' title='bbox 1449 5590 1556 5641; x_wconf 81' lang='grc' dir='ltr'><strong>τῶν</strong></span> <span class='ocrx_word' id='word_1_758' title='bbox 1585 5592 1727 5643; x_wconf 62' lang='grc' dir='ltr'><strong>κατὰ</strong></span> <span class='ocrx_word' id='word_1_759' title='bbox 1754 5591 1847 5643; x_wconf 77' lang='grc' dir='ltr'><strong>τὸν</strong></span> 
     </span>
    </p>
   </div>
   <div class='ocr_carea' id='block_1_105' title="bbox 276 5678 1847 5752">
    <p class='ocr_par' dir='ltr' id='par_1_105' title="bbox 276 5678 1847 5752">
     <span class='ocr_line' id='line_1_105' title="bbox 276 5678 1847 5752; baseline 0.002 -18"><span class='ocrx_word' id='word_1_760' title='bbox 276 5680 517 5751; x_wconf 76' lang='grc' dir='ltr'><strong>πόλεμον</strong></span> <span class='ocrx_word' id='word_1_761' title='bbox 552 5681 978 5750; x_wconf 74' lang='grc' dir='ltr'><strong>γεγενημένωνο</strong></span> <span class='ocrx_word' id='word_1_762' title='bbox 1028 5678 1145 5734; x_wconf 79' lang='grc' dir='ltr'><strong>ἀλλ’</strong></span> <span class='ocrx_word' id='word_1_763' title='bbox 1189 5681 1496 5752; x_wconf 78' lang='grc' dir='ltr'><strong>ἀμνηστίαν</strong></span> <span class='ocrx_word' id='word_1_764' title='bbox 1547 5698 1605 5736; x_wconf 91' lang='grc' dir='ltr'><strong>τε</strong></span> <span class='ocrx_word' id='word_1_765' title='bbox 1659 5683 1847 5747; x_wconf 82' lang='grc' dir='ltr'><strong>αὐτοῖς</strong></span> 
     </span>
    </p>
   </div>
   <div class='ocr_carea' id='block_1_106' title="bbox 277 5771 1846 5846">
    <p class='ocr_par' dir='ltr' id='par_1_106' title="bbox 277 5771 1846 5846">
     <span class='ocr_line' id='line_1_106' title="bbox 277 5771 1846 5846; baseline 0.002 -21"><span class='ocrx_word' id='word_1_766' title='bbox 277 5772 535 5846; x_wconf 80' lang='grc' dir='ltr'><strong>παρέξειν</strong></span> <span class='ocrx_word' id='word_1_767' title='bbox 564 5771 674 5827; x_wconf 83' lang='grc' dir='ltr'><strong>τῶν</strong></span> <span class='ocrx_word' id='word_1_768' title='bbox 704 5771 913 5837; x_wconf 86' lang='grc' dir='ltr'><strong>κακῶν,</strong></span> <span class='ocrx_word' id='word_1_769' title='bbox 948 5774 1043 5825; x_wconf 78' lang='grc' dir='ltr'><strong>καὶ</strong></span> <span class='ocrx_word' id='word_1_770' title='bbox 1081 5771 1188 5825; x_wconf 86' lang='grc' dir='ltr'><strong>τῶν</strong></span> <span class='ocrx_word' id='word_1_771' title='bbox 1211 5773 1581 5844; x_wconf 77' lang='grc' dir='ltr'><strong>ἡρπασμένων</strong></span> <span class='ocrx_word' id='word_1_772' title='bbox 1617 5775 1846 5845; x_wconf 83' lang='grc' dir='ltr'><strong>μηδενὸς</strong></span> 
     </span>
    </p>
   </div>
   <div class='ocr_carea' id='block_1_107' title="bbox 281 5856 1845 5935">
    <p class='ocr_par' dir='ltr' id='par_1_107' title="bbox 281 5856 1845 5935">
     <span class='ocr_line' id='line_1_107' title="bbox 281 5856 1845 5935; baseline -0.002 -14"><span class='ocrx_word' id='word_1_773' title='bbox 281 5866 708 5935; x_wconf 69' lang='grc' dir='ltr'><strong>ἀποστερήσειν,</strong></span> <span class='ocrx_word' id='word_1_774' title='bbox 731 5861 796 5917; x_wconf 71' lang='grc' dir='ltr'><strong>ἄν</strong></span> <span class='ocrx_word' id='word_1_775' title='bbox 825 5879 885 5916; x_wconf 86' lang='grc' dir='ltr'><strong>τε</strong></span> <span class='ocrx_word' id='word_1_776' title='bbox 915 5861 1023 5916; x_wconf 82' lang='grc' dir='ltr'><strong>τῶν</strong></span> <span class='ocrx_word' id='word_1_777' title='bbox 1042 5862 1262 5917; x_wconf 87' lang='grc' dir='ltr'><strong>οἰκείων</strong></span> <span class='ocrx_word' id='word_1_778' title='bbox 1282 5856 1416 5918; x_wconf 79' lang='grc' dir='ltr'><strong>ὦσιν</strong></span> <span class='ocrx_word' id='word_1_779' title='bbox 1444 5862 1476 5933; x_wconf 79' lang='grc' dir='ltr'>ἦ</span> <span class='ocrx_word' id='word_1_780' title='bbox 1507 5863 1617 5919; x_wconf 84' lang='grc' dir='ltr'><strong>τῶν</strong></span> <span class='ocrx_word' id='word_1_781' title='bbox 1649 5865 1845 5934; x_wconf 78' lang='grc' dir='ltr'><strong>φίλων,</strong></span> 
     </span>
    </p>
   </div>
   <div class='ocr_carea' id='block_1_108' title="bbox 1949 4687 3518 4770">
    <p class='ocr_par' dir='ltr' id='par_1_108' title="bbox 1949 4687 3518 4770">
     <span class='ocr_line' id='line_1_108' title="bbox 1949 4687 3518 4770; baseline 0.011 -30"><span class='ocrx_word' id='word_1_782' title='bbox 1949 4687 2176 4756; x_wconf 82' lang='lat' dir='ltr'><strong>privatis</strong></span> <span class='ocrx_word' id='word_1_783' title='bbox 2226 4687 2550 4744; x_wconf 79' lang='lat' dir='ltr'><strong>utilitatibus</strong></span> <span class='ocrx_word' id='word_1_784' title='bbox 2600 4691 2715 4746; x_wconf 86' lang='lat' dir='ltr'><strong>suis</strong></span> <span class='ocrx_word' id='word_1_785' title='bbox 2773 4695 3027 4752; x_wconf 85' lang='lat' dir='ltr'><strong>omnibus</strong></span> <span class='ocrx_word' id='word_1_786' title='bbox 3079 4705 3518 4770; x_wconf 77' lang='lat' dir='ltr'><strong>anteponendum</strong></span> 
     </span>
    </p>
   </div>
   <div class='ocr_carea' id='block_1_109' title="bbox 1946 4774 3523 4858">
    <p class='ocr_par' dir='ltr' id='par_1_109' title="bbox 1946 4774 3523 4858">
     <span class='ocr_line' id='line_1_109' title="bbox 1946 4774 3523 4858; baseline 0.012 -27"><span class='ocrx_word' id='word_1_787' title='bbox 1946 4776 2212 4833; x_wconf 81' lang='lat' dir='ltr'><strong>sentiunt.</strong></span> <span class='ocrx_word' id='word_1_788' title='bbox 2234 4774 2337 4830; x_wconf 85' lang='lat' dir='ltr'><strong>Aio</strong></span> <span class='ocrx_word' id='word_1_789' title='bbox 2366 4775 2568 4846; x_wconf 82' lang='lat' dir='ltr'><strong>itaque.</strong></span> <span class='ocrx_word' id='word_1_790' title='bbox 2586 4780 2631 4832; x_wconf 88' lang='lat' dir='ltr'><strong>si</strong></span> <span class='ocrx_word' id='word_1_791' title='bbox 2654 4781 2924 4837; x_wconf 88' lang='lat' dir='ltr'><strong>voluerint</strong></span> <span class='ocrx_word' id='word_1_792' title='bbox 2942 4800 3027 4838; x_wconf 89' lang='lat' dir='ltr'><strong>me</strong></span> <span class='ocrx_word' id='word_1_793' title='bbox 3052 4786 3433 4858; x_wconf 74' lang='lat' dir='ltr'><strong>imperatorem</strong></span> <span class='ocrx_word' id='word_1_794' title='bbox 3470 4807 3523 4850; x_wconf 77' lang='grc' dir='ltr'><strong>ιι</strong></span> 
     </span>
    </p>
   </div>
   <div class='ocr_carea' id='block_1_110' title="bbox 1945 4864 3521 4952">
    <p class='ocr_par' dir='ltr' id='par_1_110' title="bbox 1945 4864 3521 4952">
     <span class='ocr_line' id='line_1_110' title="bbox 1945 4864 3521 4952; baseline 0.01 -31"><span class='ocrx_word' id='word_1_795' title='bbox 1945 4864 2181 4951; x_wconf 76' lang='lat' dir='ltr'><strong>filiorum</strong></span> <span class='ocrx_word' id='word_1_796' title='bbox 2208 4866 2443 4923; x_wconf 85' lang='lat' dir='ltr'><strong>defuncti</strong></span> <span class='ocrx_word' id='word_1_797' title='bbox 2463 4867 2723 4937; x_wconf 80' lang='lat' dir='ltr'><strong>collegam</strong></span> <span class='ocrx_word' id='word_1_798' title='bbox 2744 4871 2875 4939; x_wconf 88' lang='lat' dir='ltr'><strong>pati,</strong></span> <span class='ocrx_word' id='word_1_799' title='bbox 2899 4888 3008 4928; x_wconf 89' lang='lat' dir='ltr'><strong>non</strong></span> <span class='ocrx_word' id='word_1_800' title='bbox 3037 4876 3266 4934; x_wconf 81' lang='lat' dir='ltr'><strong>sollicite</strong></span> <span class='ocrx_word' id='word_1_801' title='bbox 3288 4881 3521 4952; x_wconf 79' lang='lat' dir='ltr'><strong>inquisi-</strong></span> 
     </span>
    </p>
   </div>
   <div class='ocr_carea' id='block_1_111' title="bbox 1946 4946 3519 5040">
    <p class='ocr_par' dir='ltr' id='par_1_111' title="bbox 1946 4946 3519 5040">
     <span class='ocr_line' id='line_1_111' title="bbox 1946 4946 3519 5040; baseline 0.011 -27"><span class='ocrx_word' id='word_1_802' title='bbox 1946 4946 2203 5014; x_wconf 37' lang='lat' dir='ltr'><strong>turutu&#39;in</strong></span> <span class='ocrx_word' id='word_1_803' title='bbox 2227 4973 2313 5025; x_wconf 88' lang='lat' dir='ltr'><strong>ea,</strong></span> <span class='ocrx_word' id='word_1_804' title='bbox 2333 4974 2454 5029; x_wconf 75' lang='lat' dir='ltr'><strong>quae</strong></span> <span class='ocrx_word' id='word_1_805' title='bbox 2474 4958 2614 5016; x_wconf 87' lang='lat' dir='ltr'><strong>bello</strong></span> <span class='ocrx_word' id='word_1_806' title='bbox 2643 4963 2917 5033; x_wconf 65' lang='lat' dir='ltr'><strong>prxterito</strong></span> <span class='ocrx_word' id='word_1_807' title='bbox 2942 4970 3230 5027; x_wconf 74' lang='lat' dir='ltr'><strong>commissa</strong></span> <span class='ocrx_word' id='word_1_808' title='bbox 3252 4946 3400 5040; x_wconf 71' lang='lat' dir='ltr'><strong>suni,</strong></span> <span class='ocrx_word' id='word_1_809' title='bbox 3420 4977 3519 5030; x_wconf 64' lang='lat' dir='ltr'><strong>scil</strong></span> 
     </span>
    </p>
   </div>
   <div class='ocr_carea' id='block_1_112' title="bbox 1947 5050 3522 5134">
    <p class='ocr_par' dir='ltr' id='par_1_112' title="bbox 1947 5050 3522 5134">
     <span class='ocr_line' id='line_1_112' title="bbox 1947 5050 3522 5134; baseline 0.008 -26"><span class='ocrx_word' id='word_1_810' title='bbox 1947 5051 2177 5123; x_wconf 81' lang='lat' dir='ltr'><strong>injurias</strong></span> <span class='ocrx_word' id='word_1_811' title='bbox 2208 5050 2479 5106; x_wconf 78' lang='lat' dir='ltr'><strong>oblivione</strong></span> <span class='ocrx_word' id='word_1_812' title='bbox 2503 5052 2833 5123; x_wconf 78' lang='lat' dir='ltr'><strong>sempiterna</strong></span> <span class='ocrx_word' id='word_1_813' title='bbox 2863 5056 3193 5119; x_wconf 62' lang='lat' dir='ltr'><strong>dvleturum.</strong></span> <span class='ocrx_word' id='word_1_814' title='bbox 3241 5072 3296 5117; x_wconf 92' lang='lat' dir='ltr'><strong>et</strong></span> <span class='ocrx_word' id='word_1_815' title='bbox 3334 5067 3522 5134; x_wconf 67' lang='lat' dir='ltr'><strong>spoliis</strong></span> 
     </span>
    </p>
   </div>
   <div class='ocr_carea' id='block_1_113' title="bbox 1949 5141 3523 5229">
    <p class='ocr_par' dir='ltr' id='par_1_113' title="bbox 1949 5141 3523 5229">
     <span class='ocr_line' id='line_1_113' title="bbox 1949 5141 3523 5229; baseline 0.008 -31"><span class='ocrx_word' id='word_1_816' title='bbox 1949 5147 2065 5199; x_wconf 85' lang='lat' dir='ltr'><strong>suis</strong></span> <span class='ocrx_word' id='word_1_817' title='bbox 2091 5157 2157 5229; x_wconf 74' lang='lat' dir='ltr'><strong>ac</strong></span> <span class='ocrx_word' id='word_1_818' title='bbox 2177 5144 2360 5214; x_wconf 66' lang='lat' dir='ltr'><strong>praeda</strong></span> <span class='ocrx_word' id='word_1_819' title='bbox 2394 5141 2599 5201; x_wconf 85' lang='lat' dir='ltr'><strong>nullum</strong></span> <span class='ocrx_word' id='word_1_820' title='bbox 2639 5144 2997 5214; x_wconf 85' lang='lat' dir='ltr'><strong>privaturum.</strong></span> <span class='ocrx_word' id='word_1_821' title='bbox 3038 5149 3157 5206; x_wconf 86' lang='lat' dir='ltr'><strong>sive</strong></span> <span class='ocrx_word' id='word_1_822' title='bbox 3197 5166 3262 5207; x_wconf 89' lang='lat' dir='ltr'><strong>ea</strong></span> <span class='ocrx_word' id='word_1_823' title='bbox 3294 5151 3523 5210; x_wconf 75' lang='lat' dir='ltr'><strong>familia-</strong></span> 
     </span>
    </p>
   </div>
   <div class='ocr_carea' id='block_1_114' title="bbox 1946 5234 3522 5319">
    <p class='ocr_par' dir='ltr' id='par_1_114' title="bbox 1946 5234 3522 5319">
     <span class='ocr_line' id='line_1_114' title="bbox 1946 5234 3522 5319; baseline 0.009 -28"><span class='ocrx_word' id='word_1_824' title='bbox 1946 5236 2113 5302; x_wconf 84' lang='lat' dir='ltr'><strong>rium,</strong></span> <span class='ocrx_word' id='word_1_825' title='bbox 2134 5240 2249 5290; x_wconf 84' lang='lat' dir='ltr'><strong>sive</strong></span> <span class='ocrx_word' id='word_1_826' title='bbox 2265 5234 2584 5299; x_wconf 87' lang='lat' dir='ltr'><strong>amicorum.</strong></span> <span class='ocrx_word' id='word_1_827' title='bbox 2605 5235 2724 5291; x_wconf 85' lang='lat' dir='ltr'><strong>sive</strong></span> <span class='ocrx_word' id='word_1_828' title='bbox 2756 5249 3105 5311; x_wconf 78' lang='lat' dir='ltr'><strong>cognatorum</strong></span> <span class='ocrx_word' id='word_1_829' title='bbox 3135 5242 3315 5312; x_wconf 87' lang='lat' dir='ltr'><strong>fuerit;</strong></span> <span class='ocrx_word' id='word_1_830' title='bbox 3344 5262 3522 5319; x_wconf 83' lang='lat' dir='ltr'><strong>neque</strong></span> 
     </span>
    </p>
   </div>
   <div class='ocr_carea' id='block_1_115' title="bbox 1948 5319 3523 5401">
    <p class='ocr_par' dir='ltr' id='par_1_115' title="bbox 1948 5319 3523 5401">
     <span class='ocr_line' id='line_1_115' title="bbox 1948 5319 3523 5401; baseline 0.011 -25"><span class='ocrx_word' id='word_1_831' title='bbox 1948 5322 2278 5389; x_wconf 84' lang='lat' dir='ltr'><strong>ablaturum,</strong></span> <span class='ocrx_word' id='word_1_832' title='bbox 2303 5335 2424 5392; x_wconf 72' lang='lat' dir='ltr'><strong>quae</strong></span> <span class='ocrx_word' id='word_1_833' title='bbox 2453 5319 2588 5391; x_wconf 88' lang='lat' dir='ltr'><strong>ipsis</strong></span> <span class='ocrx_word' id='word_1_834' title='bbox 2608 5321 2748 5380; x_wconf 87' lang='lat' dir='ltr'><strong>bello</strong></span> <span class='ocrx_word' id='word_1_835' title='bbox 2777 5326 3254 5401; x_wconf 70' lang='lat' dir='ltr'><strong>ardenteAugusta</strong></span> <span class='ocrx_word' id='word_1_836' title='bbox 3284 5334 3523 5397; x_wconf 84' lang='lat' dir='ltr'><strong>donave-</strong></span> 
     </span>
    </p>
   </div>
   <div class='ocr_carea' id='block_1_116' title="bbox 1949 5410 3520 5491">
    <p class='ocr_par' dir='ltr' id='par_1_116' title="bbox 1949 5410 3520 5491">
     <span class='ocr_line' id='line_1_116' title="bbox 1949 5410 3520 5491; baseline 0.012 -24"><span class='ocrx_word' id='word_1_837' title='bbox 1949 5413 2040 5475; x_wconf 88' lang='lat' dir='ltr'><strong>rit,</strong></span> <span class='ocrx_word' id='word_1_838' title='bbox 2058 5412 2150 5466; x_wconf 88' lang='lat' dir='ltr'><strong>.vel</strong></span> <span class='ocrx_word' id='word_1_839' title='bbox 2179 5413 2434 5475; x_wconf 81' lang='lat' dir='ltr'><strong>honores,</strong></span> <span class='ocrx_word' id='word_1_840' title='bbox 2468 5410 2513 5465; x_wconf 86' lang='lat' dir='ltr'><strong>si</strong></span> <span class='ocrx_word' id='word_1_841' title='bbox 2548 5422 2744 5480; x_wconf 83' lang='lat' dir='ltr'><strong>pr:eter</strong></span> <span class='ocrx_word' id='word_1_842' title='bbox 2778 5416 3100 5491; x_wconf 78' lang='lat' dir='ltr'><strong>dignitatem</strong></span> <span class='ocrx_word' id='word_1_843' title='bbox 3143 5439 3209 5479; x_wconf 83' lang='lat' dir='ltr'><strong>ac</strong></span> <span class='ocrx_word' id='word_1_844' title='bbox 3258 5429 3520 5485; x_wconf 86' lang='lat' dir='ltr'><strong>meritum</strong></span> 
     </span>
    </p>
   </div>
   <div class='ocr_carea' id='block_1_117' title="bbox 1950 5504 3522 5591">
    <p class='ocr_par' dir='ltr' id='par_1_117' title="bbox 1950 5504 3522 5591">
     <span class='ocr_line' id='line_1_117' title="bbox 1950 5504 3522 5591; baseline 0.01 -31"><span class='ocrx_word' id='word_1_845' title='bbox 1950 5504 2128 5560; x_wconf 89' lang='lat' dir='ltr'><strong>collati</strong></span> <span class='ocrx_word' id='word_1_846' title='bbox 2191 5504 2478 5559; x_wconf 84' lang='lat' dir='ltr'><strong>videantur</strong></span> <span class='ocrx_word' id='word_1_847' title='bbox 2510 5542 2528 5571; x_wconf 85' lang='lat'><strong>,</strong></span> <span class='ocrx_word' id='word_1_848' title='bbox 2573 5508 2658 5563; x_wconf 79' lang='lat' dir='ltr'><strong>vel</strong></span> <span class='ocrx_word' id='word_1_849' title='bbox 2710 5512 3104 5578; x_wconf 82' lang='lat' dir='ltr'><strong>possessiones,</strong></span> <span class='ocrx_word' id='word_1_850' title='bbox 3166 5515 3333 5591; x_wconf 73' lang='lat'><strong><em>639</em></strong></span> <span class='ocrx_word' id='word_1_851' title='bbox 3403 5520 3522 5577; x_wconf 75' lang='lat' dir='ltr'><strong>sive</strong></span> 
     </span>
    </p>
   </div>
   <div class='ocr_carea' id='block_1_118' title="bbox 1953 5594 3518 5678">
    <p class='ocr_par' dir='ltr' id='par_1_118' title="bbox 1953 5594 3518 5678">
     <span class='ocr_line' id='line_1_118' title="bbox 1953 5594 3518 5678; baseline 0.013 -28"><span class='ocrx_word' id='word_1_852' title='bbox 1953 5595 2057 5650; x_wconf 71' lang='lat' dir='ltr'><strong>illae.</strong></span> <span class='ocrx_word' id='word_1_853' title='bbox 2084 5594 2311 5667; x_wconf 68' lang='lat' dir='ltr'><strong>publica:</strong></span> <span class='ocrx_word' id='word_1_854' title='bbox 2336 5606 2514 5659; x_wconf 82' lang='lat' dir='ltr'><strong>erant.</strong></span> <span class='ocrx_word' id='word_1_855' title='bbox 2563 5600 2678 5655; x_wconf 86' lang='lat' dir='ltr'><strong>sive</strong></span> <span class='ocrx_word' id='word_1_856' title='bbox 2695 5602 2763 5655; x_wconf 87' lang='lat' dir='ltr'><strong>ad</strong></span> <span class='ocrx_word' id='word_1_857' title='bbox 2826 5617 2914 5657; x_wconf 89' lang='lat' dir='ltr'><strong>me</strong></span> <span class='ocrx_word' id='word_1_858' title='bbox 2972 5604 3229 5673; x_wconf 83' lang='lat' dir='ltr'><strong>privatim</strong></span> <span class='ocrx_word' id='word_1_859' title='bbox 3277 5610 3518 5678; x_wconf 78' lang='lat' dir='ltr'><strong>pertine-</strong></span> 
     </span>
    </p>
   </div>
   <div class='ocr_carea' id='block_1_119' title="bbox 1954 5683 3582 5766">
    <p class='ocr_par' dir='ltr' id='par_1_119' title="bbox 1954 5683 3582 5766">
     <span class='ocr_line' id='line_1_119' title="bbox 1954 5683 3582 5766; baseline 0.015 -31"><span class='ocrx_word' id='word_1_860' title='bbox 1954 5683 2083 5737; x_wconf 77' lang='lat' dir='ltr'><strong>bant</strong></span> <span class='ocrx_word' id='word_1_861' title='bbox 2113 5701 2129 5739; x_wconf 92' lang='lat'><strong>:</strong></span> <span class='ocrx_word' id='word_1_862' title='bbox 2162 5699 2347 5740; x_wconf 83' lang='lat' dir='ltr'><strong>verum</strong></span> <span class='ocrx_word' id='word_1_863' title='bbox 2370 5689 2508 5757; x_wconf 69' lang='lat' dir='ltr'><strong>aequi</strong></span> <span class='ocrx_word' id='word_1_864' title='bbox 2552 5690 2791 5760; x_wconf 85' lang='lat' dir='ltr'><strong>bonique</strong></span> <span class='ocrx_word' id='word_1_865' title='bbox 2844 5692 3112 5753; x_wconf 82' lang='lat' dir='ltr'><strong>facturum</strong></span> <span class='ocrx_word' id='word_1_866' title='bbox 3151 5701 3337 5757; x_wconf 79' lang='lat' dir='ltr'><strong>omnia</strong></span> <span class='ocrx_word' id='word_1_867' title='bbox 3363 5740 3379 5766; x_wconf 86' lang='lat'><strong><em>.</em></strong></span> <span class='ocrx_word' id='word_1_868' title='bbox 3421 5717 3521 5759; x_wconf 86' lang='lat' dir='ltr'><strong>ne-</strong></span> <span class='ocrx_word' id='word_1_869' title='bbox 3570 5733 3582 5745; x_wconf 88' lang='lat'><strong>-</strong></span> 
     </span>
    </p>
   </div>
   <div class='ocr_carea' id='block_1_120' title="bbox 1953 5783 3518 5846">
    <p class='ocr_par' dir='ltr' id='par_1_120' title="bbox 1953 5783 3518 5846">
     <span class='ocr_line' id='line_1_120' title="bbox 1953 5783 3518 5846; baseline 0.012 -17"><span class='ocrx_word' id='word_1_870' title='bbox 1953 5788 2058 5845; x_wconf 87' lang='lat' dir='ltr'><strong>que</strong></span> <span class='ocrx_word' id='word_1_871' title='bbox 2088 5790 2322 5845; x_wconf 85' lang='lat' dir='ltr'><strong>unquam</strong></span> <span class='ocrx_word' id='word_1_872' title='bbox 2350 5792 2472 5833; x_wconf 87' lang='lat' dir='ltr'><strong>cum</strong></span> <span class='ocrx_word' id='word_1_873' title='bbox 2494 5794 2682 5836; x_wconf 87' lang='lat' dir='ltr'><strong>eorum</strong></span> <span class='ocrx_word' id='word_1_874' title='bbox 2708 5783 2907 5839; x_wconf 87' lang='lat' dir='ltr'><strong>damno</strong></span> <span class='ocrx_word' id='word_1_875' title='bbox 2937 5786 3156 5843; x_wconf 83' lang='lat' dir='ltr'><strong>bellicas</strong></span> <span class='ocrx_word' id='word_1_876' title='bbox 3184 5788 3518 5846; x_wconf 85' lang='lat' dir='ltr'><strong>offensiones</strong></span> 
     </span>
    </p>
   </div>
   <div class='ocr_carea' id='block_1_121' title="bbox 1960 5866 3516 5945">
    <p class='ocr_par' dir='ltr' id='par_1_121' title="bbox 1960 5866 3516 5945">
     <span class='ocr_line' id='line_1_121' title="bbox 1960 5866 3516 5945; baseline 0.012 -25"><span class='ocrx_word' id='word_1_877' title='bbox 1960 5866 2382 5923; x_wconf 82' lang='lat' dir='ltr'><strong>\indicaturum.</strong></span> <span class='ocrx_word' id='word_1_878' title='bbox 2431 5871 2634 5937; x_wconf 86' lang='lat' dir='ltr'><strong>Quodsi</strong></span> <span class='ocrx_word' id='word_1_879' title='bbox 2666 5876 2768 5930; x_wconf 85' lang='lat' dir='ltr'><strong>hoc</strong></span> <span class='ocrx_word' id='word_1_880' title='bbox 2816 5891 2915 5931; x_wconf 79' lang='lat' dir='ltr'><strong>nec</strong></span> <span class='ocrx_word' id='word_1_881' title='bbox 2948 5878 3147 5945; x_wconf 79' lang='lat' dir='ltr'><strong>iustum</strong></span> <span class='ocrx_word' id='word_1_882' title='bbox 3187 5895 3291 5936; x_wconf 84' lang='lat' dir='ltr'><strong>nec</strong></span> <span class='ocrx_word' id='word_1_883' title='bbox 3342 5881 3516 5940; x_wconf 85' lang='lat' dir='ltr'><strong>feren-</strong></span> 
     </span>
    </p>
   </div>
  </div>
