3964 6556
210 399 340 472 1217

1369 411 1416 471 Π
1433 411 1902 474 lSTORlARUM
1945 415 2169 476 LIBER
2213 415 2326 476 lIl.

3310 418 3446 482 liis

195 538 307 591 πην
365 522 644 591 φρουρίων
697 516 832 591 ἦρχε
895 523 1136 588 πάντων,
1195 524 1284 574 καὶ
1331 523 1489 592 μέχρι
1546 524 1754 594 Μὸρῤας

1876 525 2036 580 missa
2065 569 2078 590 ,
2114 535 2284 581 tentat
2331 545 2487 592 eum,
2520 538 2577 582 ut
2619 529 2791 586 alias.
2843 527 3062 582 ductare
3125 526 3266 582 dolis
3315 540 3370 584 et
3411 544 3442 585 ι

197 613 578 684 προεχώρησε.
618 614 929 682 Πυθόμενος
959 614 1013 666 δὲ
1057 614 1132 677 ώς
1167 615 1643 682 παρασκευάζοιτο
1677 615 1764 665 ἐπ’

141 719 156 743 ³
188 706 351 760 αὐτὸν
380 708 409 757 6
434 705 689 773 βασιλεὺς
709 703 847 774 μετὰ
882 705 982 769 τῆς
1011 705 1280 775 Περσικῆς
1302 705 1458 775 ἥκειν
1484 708 1765 775 στρατιᾶς,

193 796 492 865 πρεσϐείας
518 795 777 864 πέμπων,
821 798 1094 865 παράγειν
1123 797 1407 867 ἐπειρᾶτο,
1438 797 1475 851 ἃ
1507 798 1604 850 καὶ
1631 798 1766 866 πρό-

190 901 348 954 τερον
389 885 699 951 ἐξαπατῶν,
762 885 834 948 ὡς
889 885 1038 956 αύτῴ
1085 885 1257 939 πολλὰ
1313 887 1608 956 μεταμέλοι
1667 887 1769 953 τῆς

192 975 330 1048 πρδς
364 976 529 1030 αὑτὸν
561 975 980 1046 ἀγνωμοσύνης,
1034 976 1116 1030 ὅτι
1157 976 1397 1029 τοσαῦτα
1443 975 1504 1029 εὖ
1551 975 1764 1036 παθὼν,

196 1067 368 1126 κακὸς
407 1066 609 1135 ὀφθείη
650 1068 745 1119 καὶ
793 1068 1066 1137 ἀμνήμων
1107 1067 1218 1120 τῶν
1245 1067 1450 1128 καλῶν,
1483 1068 1578 1120 καὶ
1607 1069 1682 1132 ὡς
1716 1070 1766 1121 εἰ

196 1154 532 1225 συγγνώμην
587 1155 738 1226 αὐτῷ
789 1158 1140 1228 παράσχοιτο,
1201 1158 1468 1228 μηδέποτε
1537 1159 1764 1230 ὓστερον

186 1246 785 1316 ἀγνωμονήσων.οάλλά
811 1247 1117 1302 δουλεύσων
1144 1251 1410 1320 ἀκριϐῶς.
1448 1253 1600 1306 Ἐπεὶ
1626 1254 1680 1306 δὲ
1704 1256 1768 1306 ἐκ

186 1337 399 1391 τούτων
429 1338 580 1408 αύτῷ
628 1338 822 1407 ἠνύετο
853 1339 1030 1404 οῦδὲν,
1064 1341 1180 1394 ἀλλ’
1212 1342 1546 1396 ἐπυνθάνετο
1579 1345 1765 1409 σαφῶς

189 1426 454 1478 ἐπιοῦσαν
483 1427 583 1497 τὴν
616 1430 900 1498 στρατιάν,
935 1431 1118 1484 πᾶσαν
1148 1433 1247 1501 ὅση
1277 1432 1505 1500 δύναμις
1533 1428 1603 1503 ἦν
1635 1433 1765 1502 περὶ

188 1518 356 1571 αὐτὸν
413 1518 694 1588 ἀθροίσας.
743 1522 838 1575 καὶ
867 1522 1029 1584 αὐτὸς
1075 1525 1271 1594 ἐχώρει
1315 1524 1391 1588 ὡς
1421 1524 1764 1602 μαχούμενος

187 1610 360 1663 πᾶσιν
407 1607 544 1679 δμοῦ
600 1610 700 1663 καὶ
763 1611 1063 1680 Ῥωμαίοις
1123 1615 1219 1667 καὶ
1285 1614 1616 1688 βαρϐάροις·
1681 1617 1763 1679 εἰς

184 1698 459 1768 τοσαύτην
499 1700 608 1771 γάρ
650 1700 812 1754 αὐτὸν
857 1701 1242 1772 παραπληξίάν
1277 1705 1312 1774 η
1337 1705 1495 1760 ἄνοια
1523 1704 1760 1775 ἐξήγαγε

188 1791 282 1842 καὶ
313 1791 347 1856 ἡ
375 1790 671 1858 θρασύτης.
705 1792 1003 1861 Γενομένου
1031 1793 1088 1846 δὲ
1115 1795 1172 1845 ἐν
1196 1794 1572 1866 Περιθεωρίῳ,
1595 1800 1690 1849 καὶ
1723 1797 1756 1866 ἡ

1887 619 2168 684 proposito
2224 629 2493 674 avertere.
2551 620 2796 674 Cruriari
2852 635 2910 674 se
2965 619 3314 674 vehementer
3376 620 3458 674 de-

1872 709 2137 762 malevolo
2169 711 2221 762 in
2259 712 2432 780 ipsum
2461 713 2664 774 animo,
2708 726 2856 774 cum,
2917 719 2992 764 tot
3025 711 3252 765 allectus
3276 715 3343 765 ab
3378 727 3448 766 eo
3499 757 3501 762 .

1879 799 2182 863 beneﬁciis,
2212 801 2488 854 inimicum
2525 817 2584 855 se
2611 802 3096 870 immemoremque
3126 802 3442 870 praabuerit.

1881 888 1937 944 Si
1974 893 2186 945 veniam
2238 893 2338 947 sibi
2394 893 2523 957 del,
2577 908 2854 962 nunquam
2901 894 2968 945 de
3000 901 3200 946 eretero
3243 892 3446 960 aliquid

1873 981 2094 1036 sceleris
2125 985 2178 1036 in
2237 998 2360 1038 eum
2421 991 2833 1047 attentatttrum,
2880 983 2974 1037 sed
3015 984 3345 1038 atlantussim
3392 982 3444 1036 ei

1873 1073 2198 1141 parituram.
2256 1073 2544 1144 Postquam
2577 1074 2745 1128 irritis
2796 1075 3049 1144 precibus
3078 1083 3231 1128 certo
3281 1073 3445 1130 intel-

1873 1163 2044 1227 lexit,
2100 1166 2397 1220 exercitum
2461 1165 2801 1225 adventare.
2856 1166 3150 1219 contractis
3214 1176 3270 1219 et
3326 1166 3443 1234 ipse

1871 1258 2089 1327 quantis
2119 1259 2337 1327 quantis
2388 1259 2596 1312 valebat
2645 1257 2855 1326 copiis,
2910 1257 2978 1311 ad
3030 1273 3265 1326 pugnant
3315 1273 3440 1312 cum

1891 1347 2150 1402 Romanis
2195 1358 2362 1417 atque
2397 1349 2644 1403 barbaris
2692 1349 2860 1401 simul
2913 1347 3254 1416 pugnandam
3311 1363 3440 1415 pro-

1868 1441 2033 1494 cessit
2071 1456 2086 1494 :
2141 1455 2206 1495 eo
2270 1456 2511 1510 namque
2553 1439 2823 1494 vecordia
2876 1440 3040 1492 stulta
3087 1440 3237 1496 illum
3271 1441 3442 1493 conli-

1868 1536 2052 1589 detttia
2107 1537 2433 1591 deduxerat.
2495 1536 2593 1590 Ubi
2645 1537 2712 1590 ad
2759 1536 3154 1592 Perltlteorium
3201 1538 3335 1602 fuit,
3385 1546 3441 1592 et

1869 1626 2146 1684 Persicum
2195 1643 2390 1698 agmen
2439 1629 2727 1698 apparuit,
2784 1643 2906 1682 cum
2952 1637 3008 1682 et
3037 1629 3188 1699 prius
3219 1632 3284 1684 ad
3315 1646 3434 1684 eam

1871 1719 2062 1773 urbem
2111 1719 2430 1788 capiendam
2487 1721 2864 1784 incubuisset,
2915 1727 2971 1774 et
3001 1729 3110 1773 tum
3142 1721 3189 1774 vi
3221 1721 3432 1775 civibus

1867 1813 2135 1873 instaret,
2197 1821 2254 1863 ιιι
2288 1811 2430 1863 intro
2461 1811 2816 1878 reciperetur,
2864 1811 2936 1864 illi
2981 1812 3151 1876 portis
3197 1813 3430 1864 occlusis

189 1879 434 1950 Περσικὴ
453 1881 683 1951 στρατιά
704 1882 956 1950 ἐφαίνετο
974 1884 1223 1938 ἐπιοῦσα.
1243 1884 1391 1962 Ἐπεὶ
1411 1885 1467 1938 δὲ
1489 1885 1754 1957 πρότερον

1864 1917 1923 1957 se
1958 1913 2277 1970 recepturos
2328 1911 2633 1969 negarunt,
2685 1901 2949 1956 barbaros
2981 1903 3029 1954 ei
3060 1909 3421 1959 oStentantes.

185 1987 247 2023 τε
275 1970 531 2023 ἐπέκειτο
574 1974 684 2034 τοῖς
708 1972 764 2023 ἐν
796 1973 1160 2043 ιΙεριθεωρίῳ,
1192 1974 1287 2027 καὶ
1311 1977 1428 2028 τότε
1447 1977 1756 2045 ἠνάγκαζεν

183 2063 551 2133 εἰσδέχεσθαι,
589 2064 798 2116 ἐκεῖνον
837 2065 936 2134 μὲν
985 2065 1086 2118 οὐκ
1139 2067 1404 2136 ἐδέχοντο,
1457 2069 1572 2121 ἀλλ’
1617 2073 1755 2124 ἀπέ-

187 2147 413 2206 κλεισαν
429 2155 577 2223 αὐτῷ
598 2160 694 2214 τὰς
717 2155 913 2216 πύλας,
936 2157 1060 2219 τοὺς
1087 2156 1396 2228 βαρϐάρους
1420 2159 1756 2212 ἐπιδεικνύν-

189 2263 307 2311 τες,
339 2247 426 2299 καὶ
460 2247 773 2310 κελεύοντες
807 2250 888 2310 εἰς
913 2252 1100 2317 χεῖρας
1134 2251 1316 2311 αὐτοῖς
1350 2252 1506 2316 ἱέναι,
1538 2253 1608 2304 ώ;
1645 2256 1757 2315 τοῖς

188 2339 416 2391 νικῶσιν
444 2335 604 2393 ἆθλον
636 2340 736 2410 τὴν
765 2341 921 2394 πόλιν
952 2342 1216 2410 ἐσομένην
1247 2345 1344 2412 τῆς
1366 2345 1753 2414 ἀνδραγαθίας.

187 2429 308 2484 Ἷνα
346 2429 403 2482 δὲ
447 2435 521 2502 μὴ
565 2431 773 2484 δοκοῖεν
803 2433 1150 2501 παντάπασιν
1197 2435 1362 2486 αὐτοῦ
1399 2437 1752 2503 ἀφίστασθαι,

187 2523 523 2577 ἐδεδοίκεσαν
582 2525 690 2593 γὰρ
745 2523 821 2594 μὴ
877 2525 968 2578 τὸν
1025 2526 1270 2578 κίνδυνον
1329 2527 1750 2598 διαδιδράσκων,

193 2614 404 2683 πικρῶς
431 2613 633 2684 κολάζῃ
659 2616 756 2684 τῆς
789 2616 1076 2684 προδοσίας
1105 2630 1120 2645 ’
1153 2611 1224 2686 ἦν
1249 2616 1357 2686 γάρ
1387 2618 1756 2688 ἀπαραίτητος

185 2705 326 2770 πρὸς
349 2705 538 2774 ὀργὰς,
563 2706 656 2757 καὶ
685 2703 851 2774 ώμῶς
876 2706 969 2758 καὶ
1001 2707 1387 2776 ἀπανθρώπως
1417 2710 1754 2761 ἀποκτείνων

184 2797 315 2858 τοὺς
355 2797 814 2866 προσκρούοντας,
849 2803 941 2849 καὶ
975 2798 1070 2851 ἐπὶ
1105 2802 1328 2870 μικροῖς
1373 2802 1466 2854 καὶ
1513 2802 1754 2869 μείζοσιν

185 2887 500 2958 ἐγκλήμασι
550 2890 782 2942 θάνατον
817 2892 914 2958 τὴν
965 2892 1169 2962 ζημίαν
1217 2893 1750 2964 καταψηφιζόμενος

181 2981 279 3032 τὸν
327 2981 640 3050 ἀδελφιδοῦν
679 2981 896 3036 Ῥάῖκον
923 2983 1092 3052 ὄνομα
1141 2985 1502 3051 εἰσεδέξαντο,
1557 2989 1755 3056 πεντή-

186 3088 354 3125 κοντα
405 3073 563 3126 μόνον
614 3071 956 3140 στρατιώτας
985 3073 1198 3143 ἔχοντα,
1227 3073 1292 3127 ἵν’
1325 3077 1373 3126 εί
1424 3076 1521 3143 μὲν
1549 3074 1748 3145 νικῴη,

186 3164 518 3233 παραίτησις
549 3165 684 3234 πρὸς
713 3165 883 3234 ὀργὴν
906 3166 990 3236 είη
1015 3167 1042 3218 6
1066 3165 1382 3240 ἀδελφιδοῦς
1407 3167 1750 3236 εἰσδεδεγμέ-

185 3273 299 3322 νος,
365 3257 413 3308 εἰ
475 3257 532 3309 δὲ
605 3256 915 3329 ἡττώμενος
965 3260 1345 3329 διαφθείροιτο,
1413 3261 1578 3330 μηδὲν
1639 3259 1746 3314 εἷεν

188 3347 420 3416 κώλυμα
473 3350 665 3402 ἐκεῖνοι
691 3349 862 3418 ὀλίγοι
890 3349 1042 3412 ὅντες
1072 3351 1208 3420 πρὸς
1236 3350 1297 3403 τὸ
1325 3353 1587 3422 πράττειν
1611 3352 1748 3406 ἅττα

185 3440 255 3490 ἂν
281 3439 412 3509 δοκῇ
441 3442 760 3509 συμφέρειν.
791 3441 1121 3510 Μομιτζιλος
1152 3442 1208 3494 δὲ
1237 3445 1375 3512 πρδις
1407 3445 1466 3496 τὸ
1500 3445 1757 3514 τείχισμα

184 3529 250 3580 τὺ
272 3530 374 3598 πρὸ
389 3530 492 3597 τῆς
519 3530 721 3593 πόλεως
743 3533 1051 3602 παρέταττε
1073 3533 1169 3603 τὴν
1190 3535 1474 3602 στρατιὰν,
1509 3537 1757 3605 οἰόμενος

185 3620 537 3690 ἀντισχήσειν
575 3623 670 3675 καὶ
695 3621 755 3674 τὸ
784 3623 1044 3693 τείχισμα
1072 3623 1212 3691 ἔχων
1241 3625 1344 3674 οὐκ
1372 3623 1532 3691 ὀλίγα
1564 3641 1756 3675 συναι-

184 3708 434 3777 ρόμενον.
491 3709 695 3780 Πέρσαι
745 3709 845 3777 μὶν
875 3711 970 3764 οὖν
1020 3713 1140 3763 ἐπεὶ
1167 3712 1501 3781 προσέϐαλον
1525 3713 1574 3764 oi
1609 3711 1756 3781 πρώ-

193 3816 294 3862 εως
325 3800 652 3868 φθάσαντες,
699 3799 938 3864 ὤσαντες
976 3802 1036 3854 τὸ
1067 3802 1401 3871 Μομιτζίλου
1437 3803 1755 3872 στράτευμα

186 3891 318 3957 περὶ
357 3893 744 3956 πεντακοσίους
792 3893 997 3962 χιλίους
1047 3893 1237 3958 ὄντας,
1283 3894 1344 3946 τό
1388 3911 1450 3946 τε
1499 3897 1756 3965 τείχισμα

188 3981 484 4052 καθῄρουν,
550 3985 645 4037 καὶ
686 3983 1094 4038 διεσκεδάννυτο
1151 3987 1244 4038 ἐπὶ
1304 3985 1596 4056 λεηλασίαν
1657 3988 1755 4056 τῆς

191 4077 450 4142 στρατιᾶς
491 4075 552 4126 τὸ
585 4075 790 4142 πλεῖον,
826 4078 920 4129 καὶ
975 4079 1152 4130 πάντα
1193 4079 1536 4148 κατέδραμον
1582 4079 1754 4148 αὐθη-

192 4167 378 4236 μερὸν.
442 4167 536 4219 καὶ
592 4168 874 4235 ὲληϊσαντο
922 4168 1048 4238 ἄχρι
1107 4170 1436 4235 Μυγδονίας.
1492 4170 1752 4232 Βασιλεὺς

188 4259 270 4324 δὲ,
303 4259 533 4312 κατόπιν
582 4259 721 4335 μετά
759 4260 961 4331 Ἀμοὺρ
998 4262 1092 4314 καὶ
1131 4265 1230 4330 τῆς
1271 4261 1439 4332 ἄλλης
1491 4263 1754 4332 στρατιᾶς

189 4353 499 4420 ἐρχόμενος,
539 4352 783 4421 συνεώρα
836 4353 894 4404 τὺ
944 4353 1080 4418 μετά
1123 4354 1455 4421 Μομιτζίὶου
1496 4356 1755 4423 στράτευ-

188 4458 266 4508 μα
309 4441 406 4509 οὐχ
439 4443 757 4512 ἡττημένον,
817 4442 951 4494 ἀλλά
993 4443 1158 4511 μόνης
1191 4443 1308 4496 (ῖδοῦ
1351 4444 1753 4513 παραχιορῆσαν

1873 2003 1928 2049 et
1977 1995 2043 2048 ad
2093 1994 2339 2064 praelium
2371 2008 2492 2045 cum
2543 1994 2608 2046 iis
2656 1992 3048 2048 conserendum
3091 1994 3428 2047 invitantes:

1874 2097 2064 2154 utpote
2106 2085 2383 2139 civitatem
2413 2083 2626 2136 virtutis
2681 2083 2956 2152 praemium
2991 2084 3254 2138 habituris
3279 2122 3293 2145 ,
3340 2085 3431 2152 qui

1863 2178 2142 2230 vicissent.
2198 2175 2401 2228 Tamen
2430 2216 2444 2237 ,
2500 2190 2570 2228 ne
2614 2189 2841 2244 prorsus
2894 2175 3071 2244 ipsum
3117 2176 3434 2230 viderentur

1861 2269 2114 2322 deserere
2143 2267 2484 2330 (metuebant
2509 2267 2727 2334 quippe,
2759 2279 2829 2318 ne
2857 2265 2898 2316 si
2926 2265 3109 2318 salvus
3138 2266 3421 2322 evasisset.

1871 2355 2119 2410 Crudeles
2165 2353 2485 2422 proditiom;
2539 2368 2728 2421 poenas
2783 2363 3063 2417 sumeret,
3115 2356 3255 2422 quol
3308 2364 3427 2408 erat

1868 2445 2154 2499 iracundia
2188 2442 2556 2511 implacabili,
2613 2457 2839 2509 seseque
2877 2444 3131 2498 laedentes
3174 2459 3296 2498 cum
3327 2460 3426 2497 saa-

1861 2536 1988 2589 vitia
2059 2546 2114 2589 et
2168 2533 2504 2588 immanitate
2579 2533 3059 2594 interﬁciebat,et
3113 2536 3164 2587 in
3213 2535 3422 2588 minora

1863 2626 2091 2696 perinde
2139 2635 2197 2679 ut
2251 2626 2305 2678 in
2349 2626 2554 2690 majora
2587 2624 2780 2678 delicta
2825 2626 3056 2692 capitale
3100 2625 3424 2694 supplicium

1864 2715 2180 2782 statuebat),
2234 2731 2297 2769 ex
2339 2715 2506 2768 fratre
2555 2723 2831 2783 nepotem,
2869 2715 3092 2768 llaicum
3145 2717 3426 2777 vocabulo,

1861 2805 2264 2879 quinquagenis
2317 2809 2580 2860 duntaxat
2628 2806 2889 2860 militibus
2933 2806 3190 2876 stipatum
3257 2808 3429 2862 intro-

1862 2904 2124 2963 mittnnt,
2157 2907 2216 2951 ιιι
2279 2898 2322 2951 si
2382 2897 2662 2960 vinceret,
2713 2899 2923 2964 nepotis
2958 2898 3232 2966 susceptio
3276 2899 3429 2952 iteret

1861 2992 2043 3046 venia
2097 2991 2166 3044 ab
2221 2989 2357 3042 i'ato
2424 2987 2776 3052 impetratio:
2819 2987 2900 3038 sin
2960 2988 3134 3039 victus
3188 2985 3423 3046 eaderet.

1857 3083 2015 3152 pauci
2069 3079 2142 3132 illi
2178 3077 2324 3131 nullo
2383 3077 2482 3128 sibi
2545 3084 2728 3128 essent
2767 3075 3088 3135 obstaculo,
3139 3076 3428 3145 quotnini-s

1859 3169 2079 3224 utilitati
2111 3181 2223 3222 sua:
2255 3162 2552 3220 servirent.
2603 3165 2792 3234 Itaque
2847 3163 3174 3217 Mulltillilus
3202 3165 3266 3217 ad
3301 3181 3423 3232 prit-

1862 3261 2226 3330 pttgttaeulum
2306 3270 2432 3314 ante
2508 3257 2696 3310 urbem
2759 3254 3177 3324 expugnandum
3252 3254 3422 3308 aciem

1861 3352 2092 3421 dirigit,
2170 3366 2440 3420 sperans,
2492 3349 2536 3402 si
2570 3348 2698 3401 illud
2759 3356 3094 3415 occupasset,
3145 3347 3267 3416 quia
3314 3365 3423 3402 ttntt

1858 3457 2048 3514 parum
2083 3443 2364 3514 atljuvaret
2386 3481 2400 3502 ,
2439 3456 2498 3494 se
2529 3455 2686 3508 posse
2741 3438 3013 3492 resistere.
3068 3437 3266 3498 Persae,
3299 3455 3422 3492 euut

1857 3534 2020 3604 primi
2076 3533 2492 3604 impressionem
2542 3531 2819 3594 fecissent,
2869 3531 3087 3598 repulso
3140 3527 3421 3585 lllomitzili

1856 3625 2078 3679 circiter
2107 3631 2342 3692 quatuor
2377 3624 2606 3676 millium
2654 3621 2918 3682 exercitu,
2958 3621 3421 3692 propugnaculum

1857 3715 2174 3776 dtruernttt,
2207 3723 2262 3767 et
2294 3714 2478 3782 plures
2521 3712 2586 3766 ad
2620 3712 2970 3782 praedandum
3006 3711 3269 3778 dispersi,
3304 3712 3424 3780 ipso

1857 3806 1945 3860 die
1973 3805 2155 3860 omnia
2224 3819 2395 3872 usque
2450 3802 2787 3874 Mygdoniam
2847 3803 3215 3855 incursarunt.
3250 3803 3422 3872 Itnpco

1858 3908 2026 3960 ratur,
2074 3913 2197 3949 cunt
2243 3895 2468 3948 Atnurio
2520 3904 2576 3947 et
2624 3894 2834 3960 reliquo
2881 3894 3097 3962 agmine
3160 3908 3419 3962 sequens,

1859 4004 1964 4041 non
2015 4003 2136 4042 esse
2167 3988 2339 4040 victas
2366 4026 2381 4047 ,
2434 3985 2528 4040 sed
2565 3986 2648 4040 via
2682 3985 2855 4038 solum
2903 3984 3060 4038 barba
3077 3984 3152 4038 ris
3192 3987 3420 4040 cessisse

1856 4077 2131 4132 Montitzili
2166 4079 2351 4146 copias
2381 4117 2396 4140 ,
2448 4078 2693 4145 beneque
2725 4075 3006 4128 ordinatas
3033 4084 3088 4128 et
3129 4075 3419 4144 dispositas

1856 4171 2348 4226 animadvertebat.
2393 4167 2658 4234 Quocirca
2689 4167 2868 4222 adhuc
2897 4165 3180 4221 conﬂictus
3211 4177 3418 4221 restare

1858 4263 2166 4317 videbatur.
2218 4261 2356 4316 lline
2391 4259 2665 4314 Romanos
2710 4267 2765 4313 et
2818 4259 3088 4314 barbaros
3139 4258 3414 4327 tripartito

1855 4353 2078 4408 dividit.
2107 4340 2274 4423 .651
2310 4354 2569 4408 Dextrum
2600 4365 2768 4404 cornu
2806 4349 3034 4403 Amurio
3066 4363 3193 4402 cum
3238 4347 3416 4402 Persis

1853 4445 2182 4508 committit;
2233 4443 2328 4514 qui
2397 4444 2539 4512 quod
2589 4441 2849 4512 sagittarii
2896 4434 3185 4504 essent,'in
3232 4440 3416 4506 hostes

183 4537 294 4596 τοὶς
333 4533 648 4603 βαρδάροις·
685 4533 832 4602 ὲώρα
868 4535 978 4602 γὰρ
1015 4535 1310 4598 εὐτάκτως,
1361 4539 1451 4613 καξι
1487 4541 1622 4606 μετὰ
1659 4539 1750 4591 κέ·

1861 4535 1987 4590 levis
2031 4545 2324 4589 armaturae
2377 4533 2691 4594 irruentes,
2752 4531 2872 4585 telis
2903 4546 2997 4586 eos
3043 4533 3411 4593 conﬁcerent;

187 4644 327 4696 ομου
382 4627 732 4695 τεταγμένον.
787 4626 982 4693 Διόπερ
1030 4627 1121 4677 καὶ
1178 4626 1352 4679 ἐδόκει
1405 4628 1433 4679 6
1471 4627 1622 4694 ἀγὼν
1669 4627 1749 4680 ἔτι

186 4717 594 4770 ὑπολείπεσθαι.
663 4717 768 4768 Καὶ
828 4715 1115 4769 συνέταττε
1179 4717 1278 4787 τὴν
1335 4721 1598 4784 στρατιὰν
1655 4721 1751 4773 καὶ

184 4815 285 4879 τὴν
339 4810 625 4876 Ῥωμαίων
669 4810 762 4861 καὶ
810 4807 1101 4879 βαρϐάρων
1146 4810 1516 4880 ἐπιτάγμασι
1563 4811 1746 4882 τρισίν

185 4904 280 4951 aut
333 4899 394 4950 τὸ
451 4898 549 4968 μὲν
591 4899 762 4961 δεξιὸν
828 4899 990 4968 κέρας
1044 4899 1252 4969 Ἀμοὺρ
1300 4897 1414 4972 εἶχε
1452 4902 1591 4970 μετά
1639 4903 1748 4955 τῶν

189 4992 412 5060 Περσῶν
441 5030 457 5054 ,
493 4990 579 5041 ἵνα.
612 4990 856 5059 βάλλοιεν
890 4992 1015 5054 τοὺς
1069 4990 1363 5059 πολεμίους
1391 4992 1605 5056 τοξόται
1655 4992 1742 5045 ὗν-

184 5099 298 5146 τες.
333 5084 429 5134 καὶ
462 5083 897 5150 προσπίπτοντες
933 5084 1028 5134 ἐπὶ
1073 5084 1140 5135 τά
1189 5077 1507 5151 γυμνά.’Τὺ
1537 5084 1591 5136 δὲ
1627 5085 1749 5152 ἀρι-

189 5173 386 5241 στερὸν
431 5173 665 5240 ’Λσάνης
708 5168 854 5239 εἶχεν
904 5173 1183 5241 Ἰωάννης,
1239 5175 1266 5225 6
1319 5175 1418 5242 τῆς
1472 5173 1746 5240 βασιλίδος

191 5267 427 5335 Εἰρήνης
487 5263 736 5331 ἀδελφὸς,
795 5265 934 5330 μετά
972 5265 1266 5332 Ῥωμαίων
1315 5267 1744 5335 καταφράκτων,

189 5358 396 5418 κοντοῖς
446 5355 716 5408 εἰωθότων
774 5353 1096 5423 μάχεσθαι·
1150 5353 1210 5407 τὸ
1259 5355 1424 5419 μέσον
1478 5356 1534 5409 δὲ
1589 5356 1748 5419 αὐτὸς

185 5452 406 5515 ιπεῖχιν
451 5452 480 5500 6
510 5447 766 5516 βασιλεὺς
801 5487 818 5510 ,
857 5446 966 5498 τῶν
999 5462 1057 5497 τε
1098 5446 1387 5516 Ῥωμαίων
1431 5450 1556 5510 τοὺς
1590 5448 1748 5514 λογάι

187 5539 285 5599 δας
318 5537 458 5606 ἔχων
511 5539 605 5588 καὶ
659 5535 907 5603 Περσῶν.
958 5536 1292 5605 Μομιτζίλος
1323 5539 1378 5592 δὶ
1437 5541 1532 5592 καὶ
1586 5541 1750 5601 αὐτὸς

182 5627 390 5694 ὁμοίως
420 5627 878 5695 ἀντιτεταγμένος
903 5625 992 5696 ᾔει
1044 5627 1179 5695 πρὸς
1209 5628 1312 5696 τὴν
1343 5630 1544 5700 μάχην.
1591 5630 1746 5683 Ἐπεὶ

167 5718 246 5790 ¹,δὲ
296 5712 438 5788 ἦσαν
467 5719 522 5778 ὲς
555 5718 653 5778 τάς
695 5719 912 5788 χεῖρας,
961 5716 1108 5786 μάχη
1152 5717 1251 5803 μὲν
1292 5719 1567 5787 ἀνήπτετο
1605 5722 1750 5793 σφό..

188 5810 314 5879 δρα,
352 5806 445 5861 καὶ
465 5808 726 5879 ἀντέσχον
750 5808 816 5859 τά
841 5805 1174 5876 στρατόπεδα
1207 5809 1440 5864 δπιπολὺ
1476 5811 1746 5883 ἀλλήλοις.

1853 4629 2134 4681 sinistrum
2165 4620 2356 4680 Joatfni
2386 4626 2568 4686 Asani,
2603 4623 2784 4676 uxttris
2807 4622 2984 4682 fratri,
3017 4638 3138 4676 cttm
3158 4620 3415 4675 [tertianis

1853 4719 2032 4791 gravis
2089 4726 2378 4770 armatura:
2407 4755 2422 4777 ,
2458 4717 2552 4784 qui
2609 4715 2788 4768 contis
2835 4729 3077 4782 pugnare
3121 4727 3414 4767 consueve-

1853 4819 2004 4874 rant;
2042 4809 2094 4861 in
2123 4809 2300 4861 medio
2336 4809 2447 4876 ipse
2479 4805 2705 4858 sclccltts
2765 4803 3038 4856 Romanos
3085 4812 3246 4871 atque
3279 4802 3412 4857 Per-

1852 4914 1939 4953 sas
1999 4897 2206 4952 dttcetts
2254 4898 2507 4950 curabat.
2561 4893 2890 4950 Motititzilus
2932 4894 3179 4948 similiter
3222 4905 3409 4947 contra

1852 4991 2058 5043 directa
2090 4988 2206 5043 acie
2238 4987 2713 5058 progrediebatur.
2749 4982 2850 5038 Ubi
2894 4983 3034 5036 inter
3081 4998 3139 5036 se
3191 4985 3411 5052 propin-

1851 5089 2112 5149 quaruttt,
2150 5082 2404 5146 utrinque
2438 5091 2768 5132 concursum
2799 5086 2881 5129 est
2921 5073 3290 5127 infestissime.
3331 5074 3407 5126 Ad

1848 5183 2155 5228 extremum
2191 5172 2518 5226 Montitzitns
2539 5181 2849 5240 superatus,
2877 5171 3186 5240 complures
3209 5171 3407 5224 amisit.

1848 5262 2094 5330 Cumque
2128 5262 2193 5315 ad
2233 5277 2420 5316 muros
2471 5265 2622 5317 ttrbts
2669 5263 2864 5330 reliqui
2895 5264 3248 5331 pellerentur,
3283 5267 3411 5330 qua

1850 5355 1919 5406 ob
1955 5353 2302 5422 exiguitatem
2334 5354 2493 5422 spatii
2522 5355 2664 5407 inter
2707 5355 2892 5408 hostes
2919 5363 2975 5408 et
3015 5353 3210 5407 tnmtria
3241 5353 3412 5406 inter-'-

1845 5443 1998 5512 jt-Cti,
2039 5445 2338 5512 equitatuut
2383 5455 2704 5498 convertere
2740 5461 2851 5500 non
2899 5457 3185 5516 poterant,
3221 5453 3276 5499 et
3307 5445 3408 5500 Ρο-

1851 5535 2246 5588 ritbeorienses
2277 5535 2397 5588 illos
2443 5537 2720 5604 accepturi
2771 5551 2880 5589 non
2917 5538 3406 5604 exspectabantur.

1852 5625 2061 5691 primus
2095 5623 2422 5678 Momitziltts
2441 5666 2454 5688 ,
2483 5624 2680 5680 deinde
2711 5626 2902 5696 reliqui
2931 5641 3123 5682 omnes
3154 5626 3223 5680 ab
3251 5628 3409 5694 equis

1850 5713 2226 5778 descendunt,
2283 5715 2535 5769 hostibus
2581 5731 2639 5771 se
2683 5718 2996 5786 objectattt,
3040 5718 3405 5784 dimicantqtte

1851 5799 2122 5864 alacriter,
2153 5809 2207 5855 et
2240 5801 2503 5857 resistunt
2538 5805 2864 5860 validissime
2915 5825 2928 5862 :
2978 5807 3172 5876 partim
3199 5822 3264 5860 ett
3295 5803 3405 5856 vir-
