3964 6556
271 355 415 420 19.25

1412 344 1954 433 HlST‘ORlARUM
2006 346 2233 406 LIBER
2276 345 2390 404 ut.

3382 338 3522 403 1226

271 479 398 525 των,
459 461 555 514 καὶ
587 461 766 514 πᾶσαν
815 460 1031 515 ἐκείνου
1057 460 1155 532 τὴν
1187 460 1414 535 ηπειρον
1470 456 1837 527 ἀφελομένου,

1967 469 2067 508 tem
2101 456 2245 508 banc
2290 461 2547 515 recuset,
2597 467 2716 506 eam
2761 450 3523 523 oppugnaturum;indicium

264 550 435 604 ἀὑτὸν
466 552 767 621 κρατήσειν
795 552 894 622 τῆς
932 552 1212 623 θαλάσσης
1245 550 1603 605 ἀναλίσκοντα
1636 549 1701 600 ἐκ
1726 545 1834 599 τῶν

1950 544 2155 614 quippe
2184 544 2327 598 baud
2360 543 2582 600 dubium
2617 544 2755 607 fore,
2790 558 2909 597 eam
2956 544 3058 597 sibi
3086 543 3288 596 malum
3324 543 3526 595 machi-

280 642 450 698 ἰδίων.
510 643 621 696 Καὶ
672 643 999 708 Βυζαντίου,
1038 644 1151 706 xui;
1195 643 1307 697 τῶν
1343 643 1526 712 νήσων
1586 638 1847 707 ἀσφαλῶς

1967 636 2090 690 tari.
2137 635 2474 706 Excogitavit
2508 636 2670 689 etiam
2739 634 2989 703 nequiter
3036 649 3101 687 ac
3147 632 3373 688 subdole
3426 633 3525 687 ltu-

272 736 531 800 καθέξειν
578 736 680 803 τὴν
732 734 930 805 ἀρχὴν,
979 733 1084 788 κᾶν
1114 733 1215 803 μὲν
1243 732 1430 800 ἐκείνη
1476 730 1718 784 πείθοιτο
1744 730 1842 799 τὴν

1977 728 2192 783 usmodi
2249 737 2441 782 contra
2501 744 2617 782 eam
2676 728 2924 783 insidias.
2988 726 3219 782 Litteras
3284 727 3341 782 in
3408 729 3530 797 ejus

271 827 553 897 θυγατέρα
593 824 966 896 προσαμόζειν
1016 826 1230 896 βασιλεῖ
1273 824 1351 894 τῷ
1389 821 1510 893 υίῷ,
1547 823 1640 876 καὶ
1684 822 1851 874 αὐτῦν

270 916 412 973 εἶναι
443 919 658 989 πατέρα
685 917 975 987 βασιλέων,
1000 917 1099 970 καὶ
1128 900 1310 971 πᾶσαν
1341 913 1488 985 ἔχειν
1512 913 1709 984 ἀρχὴν,
1742 914 1841 966 καὶ

275 1014 541 1080 πράττειν
595 1008 733 1062 ἅττα
785 1008 855 1061 ἂν
908 1009 1042 1081 δοκῇ
1071 1025 1085 1039 ·
1143 1010 1209 1062 ἂν
1258 1007 1307 1060 δ’
1331 1007 1701 1076 ἀπαναίνηται
1749 1004 1850 1073 τὴν

273 1103 617 1171 δυσγένειαν,
693 1102 783 1156 ἐπ’
836 1102 1007 1173 αὐτὴν
1059 1104 1280 1172 χωρεῖν.
1335 1102 1516 1171 Δήλην
1577 1100 1686 1169 γὰρ
1748 1097 1849 1168 ήδη

272 1192 414 1250 εἶναι
440 1198 584 1250 κακὰ
619 1196 1017 1266 βουλευομένην
1042 1197 1173 1267 περὶ
1224 1194 1424 1249 αὐτοῦ.
1475 1192 1852 1248 Συνεσκεύακε

262 1288 330 1340 δὲ
359 1288 457 1340 καὶ
493 1288 613 1341 κατ’
647 1290 817 1358 αὐτῆς
850 1287 1146 1358 ἐπιϐουλὴν
1191 1286 1473 1357 τοιαύτην.
1525 1285 1843 1356 Γράμματα

274 1381 411 1447 πρὸς
445 1382 632 1432 πᾶσαν
677 1380 917 1452 ἔγραφεν
939 1381 1014 1443 ὡς
1044 1381 1103 1446 ἐξ
1162 1376 1627 1448 αὐτῆς.“⁹Εδήλου
1683 1376 1741 1430 δέ
1782 1378 1853 1431 τὰ

266 1471 602 1539 γράμματα,
671 1471 745 1534 ὡς
818 1470 956 1541 αὐτὴ
1025 1470 1127 1541 μὲν
1181 1469 1477 1539 ἐντραφείη
1537 1467 1687 1522 ἔθεσι
1757 1467 1853 1520 καὶ

275 1561 462 1629 νόμοις
500 1563 612 1623 τοῖς
656 1560 968 1631 Ῥωμαίων,
993 1562 1092 1626 καὶ
1145 1559 1395 1629 δόγματα
1444 1558 1766 1630 πρεσϐεύοι,
1812 1556 1850 1611 ἃ

270 1654 376 1705 ικαὶ
424 1653 459 1722 ἡ
523 1652 815 1721 Ῥωμαίων
857 1651 1166 1721 ἐκκλησία.
1212 1651 1437 1704 Βασιλεί
1494 1651 1695 1723 balano
1742 1650 1852 1704 τῶν

266 1746 494 1797 οἰκείων
519 1744 801 1797 ἐκδοθεῖσα
830 1744 1046 1810 ἀνάγκη
1077 1744 1146 1796 τὰ
1176 1744 1388 1797 ἐκείνου
1420 1741 1848 1813 ὑποκρίνεσθαιο

274 1837 378 1902 τὴν
414 1834 515 1903 μέν
544 1852 626 1886 τοι
655 1833 881 1905 πρώτην
909 1836 1200 1897 εὐλάϐειαν
1241 1834 1337 1888 καὶ
1375 1833 1563 1887 πίστιν
1593 1832 1689 1887 καὶ
1718 1834 1852 1903 ὁμό-

1952 837 2190 891 persona
2224 823 2293 878 ad
2329 838 2522 892 papam
2574 822 2806 892 scripsit.
2829 820 2933 876 hoc
2966 820 3222 890 exemplo
3257 820 3368 876 :Se
3408 837 3531 875 mo-

1952 913 2108 968 ribus
2136 952 2151 977 ,
2211 929 2276 967 ac
2304 913 2516 984 legibus
2549 910 2922 967 Romanorum
2953 902 3238 966 educatam
3266 951 3282 977 ,
3336 912 3528 967 eadem

1954 1019 2082 1058 cum
2151 1007 2391 1059 Romana
2446 1005 2687 1060 Ecclesia
2739 1004 2992 1076 dogmata
3030 1005 3214 1059 colere
3275 1020 3340 1060 ac
3368 1019 3534 1059 vene-

1954 1097 2087 1152 rari.
2158 1099 2204 1152 Α
2278 1099 2395 1152 suis
2458 1107 2640 1152 autem
2713 1099 3138 1167 consanguineis
3212 1099 3533 1170 imperatori

1956 1171 2196 1242 lora'tam
2227 1227 2243 1251 ,
2298 1189 2431 1243 velit
2486 1189 2648 1256 nolit,
2700 1188 2823 1260 ejus
2873 1190 3193 1261 religionem
3247 1193 3530 1247 simulare.

1951 1279 2116 1352 655
2180 1279 2569 1335 Verumtamen
2632 1297 2794 1350 quam
2852 1283 2920 1337 ab
2976 1281 3206 1337 infantia
3258 1284 3537 1339 imbiberit

1957 1373 2302 1442 religionem,
2350 1373 2538 1438 ﬁdem,
2572 1373 2947 1439 concordiam,
2989 1373 3250 1453 Romanae
3277 1375 3536 1433 Ecclesiae

1955 1466 2219 1535 integram
2269 1465 2692 1537 inviolatamque
2745 1468 3064 1535 custodire,
3107 1478 3163 1524 et
3218 1470 3396 1538 ipsum
3442 1486 3537 1539 pa-

1956 1566 2169 1611 rentem
2206 1600 2221 1623 ,
2265 1554 2583 1629 magistrum
2654 1576 2719 1614 ac
2767 1558 2959 1615 ducem
3014 1562 3138 1616 ﬁdei
3185 1578 3532 1633 agnoscere:

1957 1649 2317 1720 voluisseque
2374 1668 2499 1707 mox
2570 1664 2697 1724 post
2744 1654 2928 1708 mariti
2975 1652 3183 1709 obitum
3234 1664 3435 1710 statum
3485 1658 3537 1713 ei

1958 1754 2118 1796 suum
2154 1758 2462 1817 exponere,
2498 1755 2553 1799 et
2603 1746 2789 1800 conari
2819 1788 2834 1812 ,
2886 1756 2945 1801 ut
2978 1755 3153 1802 totum
3187 1763 3405 1819 quoque
3437 1749 3539 1805 im-

1957 1831 2197 1900 perium,
2248 1848 2345 1888 seu
2394 1835 2761 1891 voluntarium
2788 1878 2801 1901 ,
2853 1852 2951 1893 seu
2996 1847 3243 1894 coactum
3287 1840 3537 1896 eamdem

277 1943 429 2006 νοιαν
458 1929 524 1995 τῇ
544 1923 832 1994 Ῥωμαίων
864 1924 1133 1996 ἐκκλησία
1162 1924 1511 1996 περισώζειν.
1545 1924 1654 1978 Kal
1684 1925 1849 1978 αὑτὸν

1967 1938 2145 1977 secum
2198 1926 2519 1997 religionem
2572 1929 2943 1998 proﬁteretur,
2994 1932 3090 1987 sed
3133 1928 3291 1988 bellis
3341 1948 3540 2005 urgen-

278 2017 535 2084 ἡγεῖσθαι
575 2017 787 2086 πατέρα
818 2017 916 2071 καὶ
959 2016 1305 2080 διδάσκαλον,
1340 2018 1435 2070 καὶ
1469 2016 1604 2086 πρὸς
1637 2017 1737 2085 τὴν
1766 2015 1856 2070 πί-

282 2127 405 2163 στιν
440 2111 636 2179 ὁδηγόν
661 2126 677 2143 '
720 2112 822 2164 καὶ
854 2110 1140 2178 βούλεσθαι
1179 2110 1280 2180 μὲν
1327 2112 1419 2163 καὶ
1454 2110 1592 2179 μετὰ
1630 2108 1729 2180 τὴν
1758 2110 1855 2161 ἀν-

269 2201 409 2271 δρὸς
439 2202 641 2255 αὐτίκα
685 2200 945 2270 τελευτὴν
995 2201 1135 2267 δῆλα
1175 2201 1356 2255 πάντα
1389 2202 1655 2272 καθιστᾷν
1685 2200 1857 2271 αὐτῷ,

1959 2015 2142 2080 tibus,
2188 2026 2243 2069 et
2292 2033 2466 2086 usque
2518 2017 2685 2073 hodie
2739 2019 3109 2085 durantibus,
3162 2022 3365 2092 quibus
3393 2024 3538 2094 apud

1964 2103 2247 2160 Romanos
2276 2109 2640 2177 potentissimi
2693 2126 2860 2181 super
2906 2111 3136 2182 imperio
3162 2129 3347 2170 secum
3375 2116 3571 2193 dimi:

1956 2206 2124 2263 cent,
2182 2199 2498 2269 impeditam
2547 2199 2735 2257 fuisse.
2798 2201 2957 2259 Unde
3010 2220 3068 2261 se
3120 2208 3330 2276 precari
3362 2209 3538 2271 illum.

273 2295 384 2347 atati.
435 2294 759 2367 ⁸πειρᾶσθαι,
811 2293 909 2347 καὶ
947 2294 1129 2347 πᾶσαν
1169 2295 1268 2364 τὴν
1318 2294 1517 2362 ἀρχὴν,
1568 2293 1633 2344 τὰ
1688 2292 1777 2344 ίσα
1824 2291 1859 2362 ἦ

1967 2291 2195 2359 primum
2250 2292 2473 2360 quidem
2520 2296 2597 2346 uti
2646 2292 2860 2349 Numen
2905 2295 3007 2350 sibi
3059 2298 3336 2368 propitiet,
3391 2301 3538 2371 quod

277 2387 519 2451 πείθειν,
568 2388 601 2457 ἢ
657 2386 1102 2456 καταναγκάζειν
1142 2388 1272 2457 περὶ
1324 2385 1436 2439 τῶν
1478 2388 1575 2454 τῆς
1625 2384 1861 2447 πίστεως

1967 2380 2386 2448 perversitatem
2439 2381 2600 2436 istam
2649 2386 2961 2455 dogmatum
2994 2398 3199 2446 sectata
3247 2390 3538 2458 videatur;

268 2480 573 2549 δογμάτων
622 2479 761 2550 αὐτῇ
821 2482 1064 2548 φρονεῖν.
1117 2478 1445 2550 κωλυθῆναι
1491 2478 1549 2531 δέ
1602 2478 1708 2530 ὑπὸ
1753 2479 1862 2531 τῶν

1967 2460 2165 2527 deinde
2216 2487 2407 2529 contra
2464 2476 2649 2532 hostes
2703 2494 2821 2533 eam
2870 2496 2967 2549 pro
3011 2482 3223 2540 viribus
3245 2486 3481 2554 adjuvet
3523 2504 3539 2542 :

280 2573 656 2642 περισχόντων
686 2571 943 2641 πολέμων
958 2571 1067 2626 τῶν
1101 2570 1337 2641 μάλιστα
1370 2569 1523 2641 παρὰ
1565 2569 1862 2639 Ῥωμαίοις

275 2663 676 2716 δυνατωτάτων
727 2662 865 2732 πρὸς
890 2663 1060 2732 αὐτὴν
1091 2662 1233 2732 ὑπὲρ
1274 2661 1371 2730 τῆς
1404 2660 1583 2730 ἀρχῆς
1615 2661 1857 2729 πολεμη·

1964 2565 2163 2635 quibus
2196 2569 2479 2621 subversis
2503 2608 2517 2633 ,
2571 2570 2753 2624 statim
2802 2570 3065 2628 Romana:
3092 2577 3409 2644 apostolica:
3439 2577 3544 2632 Ec-

1963 2658 2147 2712 clesia:
2181 2658 2490 2714 doctrinam
2520 2701 2535 2724 ,
2573 2671 2627 2715 et
2662 2663 2797 2718 ritus
2850 2666 3066 2733 publice
3119 2667 3541 2733 celebraturam,

282 2756 518 2818 σάντων,
550 2758 648 2807 καὶ
698 2753 781 2806 ἐτι
813 2753 977 2823 μέχρι
1018 2752 1113 2805 νῦν
1154 2752 1542 2821 ἐπικειμένων.
1569 2750 1734 2804 Ὅθεν
1763 2751 1862 2802 a6.-

1972 2758 2029 2804 et
2060 2750 2185 2803 aliis
2232 2752 2487 2821 exemplo
2533 2758 2871 2823 praeituiam.
2924 2756 3293 2828 lmperatricis
3344 2762 3545 2818 litterae

272 2846 378 2900 σοῦ
409 2846 615 2898 δεῖσθαι
643 2844 837 2914 πρῶτα
867 2844 968 2913 μὲν
1014 2844 1151 2913 αὐτῇ
1179 2843 1242 2894 τὸ
1276 2843 1433 2895 Θεῖον
1469 2840 1741 2893 ίλεοῦσθαι
1766 2839 1858 2893 διὰ

1967 2839 2033 2893 ad
2070 2854 2289 2910 papam,
2322 2842 2415 2911 qui
2450 2857 2514 2898 ea
2550 2853 2875 2914 tempestate
2905 2840 3162 2904 Clemens
3190 2860 3346 2917 erat,
3380 2851 3545 2922 hujus

284 2940 389 3010 τὴν
410 2937 674 2992 δοκοῦσαν
700 2937 809 2989 τῶν
834 2936 1289 3006 διεστραμμένων
1312 2924 1600 3003 δογμάτων
1623 2932 1859 3002 αἰρεσιν.

1965 2934 2212 2989 nominis
2259 2946 2486 3002 sextus,
2545 2921 2855 3008 huiusmodi
2904 2939 3148 2999 fuerunt.
3198 2942 3305 2998 Eas
3346 2921 3544 3014 pictori

289 3032 527 3085 Ἔπειτα
552 3030 610 3082 δέ
636 3031 729 3083 καὶ
758 3026 975 3099 βοηθεῖν
1006 3027 1101 3077 ἐπὶ
1128 3027 1254 3088 τοὺς
1286 3024 1685 3092 πολεμοῦντας,
1715 3025 1862 3086 ὅπως

1967 3022 2222 3089 cuidam,
2257 3025 2346 3079 cui
2395 3040 2597 3080 nomen
2644 3028 2975 3099 Praepositus
3001 3069 3015 3092 ,
3063 3049 3187 3086 cum
3228 3035 3547 3092 tradidisset

280 3127 353 3180 ἂν
408 3125 647 3187 δύναιτο,
702 3122 778 3185 ὡς
832 3122 883 3174 εί
933 3121 1132 3173 ἐκεῖνοι
1172 3117 1629 3199 καταστραφεῖεν,
1688 3117 1860 3186 αὐτῆς

1969 3116 2325 3185 Apocauchus
2353 3158 2368 3182 ,
2425 3119 2492 3173 ad
2522 3133 2717 3190 papam
2765 3120 2952 3185 misit,
2988 3123 3294 3188 mandans,
3345 3140 3415 3181 ne
3451 3129 3542 3183 cui

276 3217 483 3273 αὐτίκα
533 3217 600 3269 τὰ
655 3217 756 3278 τῆς
813 3211 1102 3281 Ῥωμαίων
1157 3209 1525 3278 ἁποστολικῆς
1568 3209 1863 3279 ἐκκλησίας

294 3308 742 3379 πρεσϐευσούσης
799 3304 1071 3376 φανερῶς,
1124 3303 1219 3356 καὶ
1266 3304 1379 3365 τοῖς
1430 3302 1612 3365 ἄλλοις
1646 3301 1866 3375 ὑφηγη-

300 3402 562 3472 σομένης.
604 3398 840 3451 Τοιαῦτα
875 3397 972 3467 μὲν
1003 3398 1068 3450 τὰ
1094 3395 1235 3467 πρὸς
1257 3394 1447 3447 πάπαν
1467 3396 1567 3464 τῆς
1594 3391 1864 3463 βασιλίδος

271 3496 449 3566 δῆθεν
495 3495 815 3566 γράμματα.¹
846 3490 1056 3561 ἐδήλου.
1084 3482 1195 3542 Ἦν
1231 3489 1288 3541 δέ
1316 3489 1549 3559 Κλήμης
1589 3489 1689 3558 τῆς
1732 3487 1869 3540 Ῥω-

286 3564 467 3660 μαίων
499 3564 808 3655 ἐκκλησίας.
830 3584 951 3636 τότε
979 3581 1289 3653 προεστώς.
1320 3582 1430 3635 Καὶ
1456 3582 1734 3651 ζωγράφῳ
1759 3580 1868 3633 τινὶ

291 3677 656 3749 Πραιποσίτῳ
686 3676 1013 3744 καλουμένῳ
1047 3674 1388 3744 ἐγχειρίσας,
1418 3672 1701 3740 ἐξέπεμπε
1730 3673 1868 3742 πρὸς

286 3768 482 3823 πὰπαν
518 3766 709 3837 μηδενὶ
739 3764 979 3828 ἐξειπεῖν
1025 3763 1292 3824 κελεύσας
1330 3761 1392 3815 τὸ
1425 3761 1741 3831 ἀπόρρητον
1775 3760 1868 3827 βα-

284 3864 511 3924 σιλίδος.
545 3858 714 3915 Οὐδὲν
742 3858 798 3911 δὲ
827 3859 1035 3920 ἐκεῖνος
1061 3857 1181 3927 ᾔδει
1208 3856 1390 3920 πλέον,
1423 3855 1471 3907 εί
1500 3855 1577 3925 μὴ
1608 3854 1690 3907 ὅτι
1725 3851 1869 3922 πέμ-

287 3970 450 4007 ποιτο
478 3954 615 4023 πρὸς
644 3950 861 4005 πάπαν.
891 3948 1120 4020 Κλήμης
1144 3947 1200 4001 δὲ
1225 3949 1253 4000 ὁ
1283 3948 1496 4012 πάπας,
1538 3948 1660 3999 ἐπεὶ
1690 3944 1867 4011 δέξαι-

287 4065 355 4101 το
404 4045 471 4098 τὰ
524 4042 793 4115 βασιλίδος
831 4041 1165 4113 γράμματα,
1209 4037 1546 4109 ὑπερησθεὶς
1586 4039 1668 4091 ὅτι
1703 4027 1798 4090 καὶ
1832 4037 1867 4106 ἡ

294 4136 512 4211 βασιλὶς
539 4138 746 4207 αίροίτο
777 4133 848 4188 τὰ
872 4132 1118 4196 ἐκείνων,
1153 4130 1253 4185 καὶ
1287 4130 1363 4193 ὡς
1391 4130 1440 4182 εί
1464 4130 1573 4183 τῶν
1612 4128 1867 4199 πολέμων

292 4229 664 4298 ἀπαλλαγοίη,
723 4228 977 4297 φανερῶς
1030 4225 1215 4288 αὐτοῖς
1263 4224 1659 4295 προσθήσεται,
1711 4224 1868 4277 ἀντέ-

286 4340 469 4393 γραφε
504 4321 598 4374 καὶ
629 4320 809 4383 αὐτὸς,
848 4319 1041 4388 πρῶτα
1080 4318 1180 4387 μὲν
1207 4317 1445 4389 ἐπαινῶν
1478 4316 1576 4384 τῆς
1612 4317 1869 4387 προαιρέ-

292 4418 498 4479 σεως,ὃ
548 4432 599 4467 τι
637 4412 816 4466 καίτοι
852 4411 1263 4481 τυραννουμένη
1296 4411 1403 4463 τῶν
1450 4407 1626 4478 ὀρθῶν
1666 4408 1867 4477 δογμά-

283 4528 398 4564 των
440 4510 541 4561 οὐκ
579 4508 815 4575 ἀπέστη,
842 4504 979 4558 ἀλλὰ
1014 4506 1081 4574 τῇ
1124 4504 1411 4573 Ῥωμαίων
1442 4503 1708 4573 ἐκκλησία
1736 4519 1871 4571 συμ-

294 4601 546 4671 φρονοίη.
576 4599 808 4651 Ἔπειτα
856 4595 953 4648 καὶ
985 4594 1267 4647 ἐδίδασκεν
1310 4594 1385 4657 ὡς
1431 4594 1538 4663 χρὴ
1586 4592 1695 4645 τῶν
1737 4594 1867 4645 ἰσων

295 4691 514 4761 ἔχεσθαι
543 4690 653 4755 ἀεὶ,
687 4688 782 4741 καὶ
816 4687 944 4749 τοὺς
974 4684 1168 4747 ἄλλους
1198 4683 1415 4752 ἐνάγειν
1454 4683 1866 4755 ἠπατημένους,

289 4782 390 4835 καὶ
421 4780 520 4847 τῆς
560 4777 822 4846 ἀληθείας
861 4773 1221 4836 ἐκπεσόντας.
1250 4773 1581 4827 Τελευταῐον
1613 4774 1671 4827 δὲ
1697 4774 1871 4844 ἐπηύο

293 4889 443 4943 χετο,
479 4871 573 4923 καὶ
594 4869 854 4940 ,χρηστὰς
884 4864 1129 4919 ὑπετίθει
1168 4865 1270 4928 τὰς
1305 4865 1525 4927 ἐλπίδας
1562 4865 1636 4928 ὡς
1668 4864 1871 4937 βοηθή-

297 4982 408 5018 σων
438 4964 466 5015 ὃ
486 4979 538 5013 τι
564 4960 631 5014 ἂν
657 4959 895 5014 δύναιτο.
917 4958 1104 5011 Ταῦτα
1131 4957 1201 5011 τὰ
1222 4957 1529 5027 γράμματα
1558 4958 1873 5026 ἐνεγκόντος

298 5054 692 5124 Πραιποσίτου,
736 5050 1036 5119 ἐφύλαττεν
1078 5048 1246 5113 ab»;
1279 5050 1337 5101 ἐν
1381 5050 1704 5121 ἀπορρήτῳ.
1755 5054 1876 5102 Διει-

298 5146 474 5201 νσείτό
501 5161 560 5197 τε
589 5145 665 5206 ὡς
698 5146 746 5197 εί
772 5143 870 5214 μὶν
896 5141 1143 5195 πείθοιτο
1182 5143 1217 5212 ἡ
1251 5140 1461 5211 βασιλὶς
1491 5142 1640 5211 αὐτῷ
1678 5142 1766 5211 ἐφ’
1792 5138 1875 5208 οἷς

300 5238 368 5291 ἂν
399 5236 576 5305 ἀξιοίη
613 5235 780 5305 μηδὲν
815 5235 1009 5286 κινεῖν.
1034 5234 1096 5287 ΕΞ
1126 5232 1184 5286 δέ
1216 5233 1315 5305 μὴ,
1352 5232 1524 5286 ταῦτα
1556 5233 1643 5286 ἐπ’
1673 5234 1875 5304 ἐκκληο

301 5332 428 5395 ι’ίας
468 5328 789 5396 ἀναγνόντα,
830 5326 1162 5390 Βυζαντίους
1212 5327 1298 5380 ἐπ’
1335 5326 1506 5396 αὐτὴν
1557 5328 1874 5397 παρορμᾷν,

300 5423 395 5475 καὶ
433 5418 763 5488 διαφθείρειν
811 5416 980 5486 αὐτὴν
1023 5418 1120 5470 καὶ
1157 5417 1401 5481 παίδας,’
1442 5417 1558 5488 ᾔδει
1597 5419 1708 5488 γὰρ
1742 5420 1879 5490 πρὸς

299 5509 460 5561 τοῦτο
493 5507 636 5560 πάνυ
652 5504 1220 5574 δυσανασχετοῦντας,
1244 5507 1555 5587 καὶιρᾷστα
1582 5510 1723 5561 κατὰ
1747 5525 1880 5561 πανο

302 5602 395 5663 τὶς
440 5596 751 5652 οὑτινοσοῦν
783 5600 1147 5667 χωρήσοντος,
1173 5596 1241 5650 ἂν
1280 5598 1559 5652 πύθωνται
1607 5599 1676 5652 τὰ
1718 5600 1883 5653 Λατί-

307 5707 415 5742 νων
443 5689 762 5760 ῂρημένηνο
791 5687 888 5740 καὶ
940 5684 1083 5740 οὕτω
1119 5688 1300 5741 πᾶσαν
1352 5687 1516 5742 αὐτὸν
1563 5688 1879 5757 Βυζαντίου,

1903 4477 1948 4532 D

1967 3225 2227 3265 arcanum
2260 3210 2522 3282 Augusta:
2558 3216 2913 3282 patefaceret.
2961 3214 3105 3282 Qui,
3147 3218 3251 3272 nisi
3304 3219 3449 3289 quod
3476 3222 3546 3276 ad

1966 3317 2165 3372 papam
2199 3303 2531 3370 mitteretur,
2568 3315 2833 3374 prtcterea
2865 3305 3000 3360 nibil
3027 3309 3255 3364 sciebat.
3287 3311 3546 3371 Clemens

1967 3394 2168 3450 litteris
2203 3396 2443 3465 acceptis
2463 3438 2477 3462 ,
2511 3397 2769 3452 omnibus
2800 3398 3027 3455 incessit
3054 3401 3275 3469 laetitiis,
3310 3404 3546 3476 impera-

1968 3487 2159 3543 tricem
2187 3503 2373 3544 secum
2403 3491 2807 3548 communicare
2831 3534 2845 3559 ,
2894 3503 2949 3548 et
2968 3534 2982 3558 ,
3030 3494 3077 3550 si
3106 3496 3244 3552 bello
3288 3498 3549 3571 defunge-

1970 3588 2140 3642 retur,
2173 3574 2347 3648 palam
2397 3580 2450 3634 id
2496 3582 2767 3634 t'acturam
2795 3623 2812 3651 ,
2846 3583 3122 3638 rescribit.
3155 3588 3232 3641 Ac
3274 3587 3548 3659 principio

1970 3686 2088 3725 eam
2122 3671 2190 3724 de
2220 3672 2491 3725 constanti
2536 3673 2810 3727 voluntate
2858 3674 3039 3728 laudat
3063 3717 3077 3741 ,
3128 3679 3269 3747 quod
3302 3682 3547 3749 quamvis

1970 3761 2071 3815 sub
2107 3761 2298 3830 iniquo
2359 3762 2619 3831 doluino,
2671 3780 2701 3818 a
2756 3765 3013 3835 legitimis
3046 3769 3389 3840 dogmatibus
3434 3789 3545 3829 non

1976 3853 2328 3918 discesserit,
2364 3854 2461 3909 sed
2489 3870 2611 3909 cum
2660 3855 2903 3911 Romana
2935 3855 3176 3915 Ecclesia
3222 3866 3542 3921 consentiat.

1973 3946 2178 4003 Deinde
2239 3950 2511 4016 quomodo
2574 3950 2763 4005 iisdem
2824 3963 3087 4022 perpetuo
3151 3954 3548 4021 adluerere,et

1973 4040 2112 4096 alios
2140 4040 2195 4095 in
2226 4040 2471 4096 fraudem
2526 4042 2800 4106 inductos.
2829 4054 2992 4113 atque
3023 4061 3055 4100 a
3100 4048 3326 4104 veritate
3356 4049 3545 4107 devios

1971 4134 2163 4191 eodem
2195 4135 2453 4190 reducere
2481 4135 2695 4201 debeat,
2727 4136 2937 4192 edocet.
2971 4137 3209 4193 Tandem
3246 4141 3385 4197 bene
3418 4159 3544 4213 pre-

1973 4235 2166 4291 catus,
2218 4235 2273 4281 et
2305 4227 2443 4281 bene
2498 4242 2717 4298 sperare
2765 4228 3010 4298 jubcns,
3064 4240 3326 4301 quantum
3377 4234 3432 4288 in
3486 4249 3547 4290 se

1972 4327 2148 4383 esset,
2202 4334 2359 4388 opem
2390 4317 2626 4372 laturum
2661 4319 2969 4388 pollicetur.
3022 4318 3132 4375 Has
3187 4320 3393 4377 litteras
3422 4339 3545 4378 cum

1974 4409 2310 4481 Prwpositus
2373 4411 2690 4474 attulisset,
2751 4412 2866 4482 ipse
2920 4412 3285 4482 Apocaucbus
3347 4432 3549 4471 arcane

1976 4504 2227 4558 serVabat
2263 4540 2278 4566 ,
2325 4511 2384 4557 ut
2443 4504 2487 4556 si
2547 4501 2763 4571 quidem
2811 4504 2976 4574 petita
3037 4504 3144 4559 sibi
3199 4505 3546 4570 concedeet,

1966 4578 2114 4647 'nibil
2148 4603 2435 4658 moveret;
2481 4594 2563 4648 sin
2594 4596 2777 4650 minus
2805 4634 2820 4658 ,
2875 4611 2969 4664 per
3025 4612 3119 4650 eas
3164 4597 3218 4651 in
3275 4611 3548 4653 conventu

1976 4684 2170 4748 lecfas,
2225 4682 2437 4753 plebem
2487 4683 2551 4737 ad
2600 4684 2772 4755 ipsam
2821 4702 2924 4740 una
2962 4702 3085 4741 cum
3116 4689 3306 4743 liberis
3358 4690 3551 4745 interi-

1979 4774 2231 4829 tnendam
2289 4774 2609 4828 concitaret.
2674 4774 2898 4830 Sciebat
2951 4778 3096 4831 enim
3158 4778 3209 4831 id
3263 4784 3550 4848 aegerrime

1980 4867 2209 4924 laturam
2244 4906 2260 4931 ,
2317 4863 2681 4933 facillimeque
2712 4865 2885 4919 cuivis
2938 4881 2997 4920 se
3060 4867 3471 4936 opposituram,
3502 4875 3547 4925 si

1979 4971 2100 5012 eam
2139 4955 2455 5010 Latinorum
2506 4955 2729 5011 decreta
2784 4957 3118 5027 complexam
3172 4958 3545 5029 intelligeret:

1979 5049 2063 5102 sic
2108 5053 2283 5102 totum
2337 5063 2397 5102 se
2447 5048 2734 5118 Byzantii,
2791 5049 3203 5121 insularumque
3261 5051 3546 5121 imperium

1979 5139 2328 5207 adepturum.
2389 5138 2543 5205 Quod
2597 5141 2642 5195 si
2699 5142 2754 5195 id
2807 5155 2967 5197 secus
3030 5143 3318 5205 eveniret,
3372 5158 3550 5210 neque

1981 5222 2223 5306 Byzantii
2256 5233 2323 5289 ad
2358 5234 2757 5303 imperatricem
2786 5250 2909 5290 cum
2955 5235 3143 5289 liberis
3173 5234 3549 5290 trucidandam

1980 5326 2406 5392 adducerentur,
2454 5337 2568 5380 tum
2636 5326 2799 5383 rebus
2830 5328 3133 5397 desperatis
3156 5369 3171 5393 ,
3224 5328 3402 5384 autin
3428 5345 3555 5384 arce

1982 5416 2325 5486 Maguacensi
2353 5416 2746 5484 munitissima,
2793 5426 2851 5472 et
2880 5432 3001 5487 quae
3034 5420 3129 5472 toti
3164 5420 3556 5475 Constantino-

1981 5510 2089 5577 poli
2167 5519 2349 5577 posset
2403 5506 2695 5574 resistere,
2749 5523 2807 5564 se
2858 5508 3205 5565 includeret:
3251 5510 3417 5583 656
3462 5522 3557 5568 aut

1983 5599 2194 5654 triremi
2273 5600 2338 5654 ad
2416 5597 2675 5670 Epibatas
2696 5594 3043 5668 ~secederet,
3089 5600 3274 5671 ibique
3321 5602 3457 5658 liber
3489 5618 3556 5658 ac

1985 5706 2139 5756 suos,
2172 5690 2441 5760 reliquum
2467 5690 2566 5745 ιενί
2597 5699 2902 5762 perageret.

298 5786 404 5852 ,καὶ
454 5782 564 5839 τῶν
610 5783 795 5851 νήσων
842 5781 986 5853 ἔχειν
1017 5783 1117 5856 τὴν
1153 5785 1348 5855 ἀρχήν.
1400 5784 1462 5838 El
1491 5785 1546 5839 δέ
1580 5786 1657 5858 μὴ
1725 5788 2064 5863 προχωροίη,
2105 5786 2241 5859 ρηδέ
2274 5854 2281 5860 υ
2312 5785 2584 5843 πείθοιντο
2614 5790 2661 5842 σί
2701 5787 2988 5855 Βνζᾴντιοι
3058 5789 3324 5862 βασιλίδα,
3367 5790 3460 5846 καὶ
3489 5791 3559 5849 τὰ

625 5883 897 5947 Panos.
938 5883 1052 5946 Gn.
1093 5885 1293 5948 CLIII.

3164 5884 3239 5950 39

2188 6097 2195 6103 .
2244 6076 2273 6093 κ
