3964 6546
316 373 454 440 1233

1435 387 1981 451 HISTORIABUM
2025 390 2259 451 LIBER
2297 392 2413 454 ΙΙΙ.
2478 446 2481 449 .

2464 321 2492 359 \

3410 396 3546 464 123i

307 489 514 553 ἀδείας.
574 489 793 545 Βασιλεῖ
841 492 940 562 μὲν
993 489 1088 548 οὗν
1143 495 1321 550 ὲδόκεί
1375 497 1708 569 ἀμφοτέροις
1766 500 1875 552 δεῖν

1981 503 2179 565 studio,
2209 513 2264 558 et
2290 504 2476 560 ambas
2509 519 2629 561 esse
2651 522 2865 562 summe
2907 511 3241 567 necessarias
3270 513 3469 580 iudica:
3499 532 3546 572 s.

222 616 227 621 -
310 582 547 651 σπουδῆς
592 584 833 654 πολλῆς,
887 589 990 642 καὶ.
1028 587 1136 641 τῶν
1207 590 1657 656 ἀναγκαιοτάτων
1708 592 1876 661 ἄμφω

308 663 467 735 εῖναι,
500 673 593 724 καὶ
623 673 917 743 ἐμερίζετο
957 681 1071 739 τοῖς
1108 678 1417 748 λογισμοῖς.
1457 681 1785 750 Ἐκκλησίαν
1817 681 1875 734 δὲ

308 758 375 811 ἐκ
405 758 513 813 τῶν
537 761 599 813 ὲν
625 762 772 839 τέλει
807 768 1200 834 ποιησάμενος,
1231 772 1327 824 καὶ
1370 769 1577 839 Ἀμοὺρ
1611 771 1877 841 παρόντος

306 849 411 903 τοῦ
435 852 716 920 σατράπου
765 856 861 908 καὶ
917 857 1188 927 Σουλιμάν
1214 859 1310 913 τοῦ
1372 861 1627 932 Σαρχάνη
1654 856 1872 930 παιδὸς,

308 941 389 1003 είς
441 942 623 995 κοινὸν
688 945 972 1012 προυτίθει
1040 947 1138 1018 τὴν
1202 948 1418 1020 βουλήν.
1480 952 1591 1005 Καὶ
1655 953 1874 1007 ἐκέλευε

311 1029 543 1100 γνώμην
597 1030 837 1087 ἕκαστον
882 1035 1149 1103 εἰσάγειν,
1184 1038 1218 1107 ἢ
1267 1037 1332 1091 ἂν
1387 1039 1445 1091 ὲν
1493 1043 1605 1105 τοῖς
1640 1040 1873 1111 παροῦσι

307 1120 492 1191 δοκοίη
536 1122 958 1197 λυσιτελεστέρα
1005 1127 1173 1198 εἶναι,
1228 1133 1407 1187 ἐδόκει
1477 1134 1577 1203 μὲν
1613 1133 1707 1188 οὖν
1738 1137 1873 1188 πᾶσι

305 1215 457 1282 κοινῇ
509 1216 646 1284 πρὸς
680 1217 975 1282 Βυζάντιον
1037 1223 1177 1276 ίτέον
1218 1219 1357 1277 εἶναι
1390 1225 1587 1295 καὶμὴ
1622 1222 1870 1295 μέλλειν·

304 1305 365 1355 οὐ
400 1306 509 1374 γάρ
542 1308 612 1357 τά
668 1310 966 1380 πράγματα
1007 1314 1207 1377 αὐτοὺς
1237 1316 1609 1385 ἀναμενοῦσιν
1645 1318 1712 1369 ἂν
1752 1315 1873 1385 τρί-

216 1422 223 1431 ς
305 1393 444 1447 εωσι
494 1395 583 1448 τὸν
638 1401 827 1469 καιρὸν
862 1404 956 1456 καὶ
1001 1404 1358 1474 διαμέλλωσι.
1392 1398 1655 1471 Βασιλεὺς
1685 1408 1742 1459 δὲ
1772 1408 1872 1461 οὐκ

307 1485 484 1554 ὀρθῶν
534 1487 757 1559 ἔχεσθαι
808 1492 1085 1564 λογισμῶν
1144 1497 1215 1549 τὰ
1254 1498 1525 1568 εἰρημένα
1553 1499 1876 1554 ἀπεδείκνυ;

306 1578 447 1643 Τοὺς
479 1581 578 1647 μὲν
622 1583 732 1654 γὰρ
765 1585 955 1654 φίλους
995 1590 1362 1659 γεγραφέναι,
1384 1592 1460 1654 ὡς
1500 1590 1871 1662 παρακοιμώ-

308 1683 481 1736 μενον
512 1671 874 1737 ἀπεκτονότες
909 1677 960 1728 oi
1002 1678 1287 1748 δεσμῶται
1309 1718 1322 1743 ,
1351 1680 1423 1733 τά
1454 1679 1869 1733 Κωνσταντίνου

303 1750 556 1818 βασίλεια
605 1756 759 1812 αὐτοὶ
810 1762 1096 1833 κατέσχονο
1123 1766 1318 1836 ἄδηλον
1352 1768 1408 1821 δὲ
1453 1766 1603 1822 εἶναι
1639 1772 1689 1837 εἰ
1738 1788 1870 1824 κατ-

1979 593 2088 648 huc
2129 594 2258 649 illuc
2301 596 2665 666 cogitationes
2692 599 2987 656 dividebat.
3022 601 3343 660 Convocatis
3387 604 3552 673 igitur

1977 686 2329 754 primoribus,
2372 689 2731 757 prasentibus
2776 691 2915 744 item.
2955 692 3184 747 Amurio
3226 705 3462 761 satrapa.
3497 704 3549 748 et

1977 775 2271 829 Sulimano
2301 773 2599 831 Sarchanis
2650 778 2780 842 filio,
2817 794 2947 833 remi
2987 781 3054 834 in:
3089 781 3538 843 disceptationem

1974 863 2219 928 adducit,
2247 852 2470 936 etquod
2507 869 2708 937 cuique
2745 885 2842 938 pro
2878 879 3133 940 tempore
3176 871 3363 927 utilius
3398 874 3548 926 vide-

1980 966 2144 1020 retur,
2181 957 2423 1027 proferre
2462 958 2517 1017 in
2548 960 2782 1015 medium
2808 961 2985 1030 jubet.
3018 962 3229 1016 Placuit
3260 964 3326 1018 ad
3376 981 3540 1018 unum

1975 1048 2254 1109 omnibus,
2283 1047 2418 1103 citra
2442 1049 2849 1103 cunctationem
2873 1049 3166 1119 petendum
3202 1050 3547 1120 Byzantium;

1974 1153 2082 1191 non
2115 1138 2268 1193 enim.
2301 1153 2389 1193 res
2425 1138 2570 1207 ipsas
2605 1150 3038 1207 exSpcctaturas,
3079 1141 3123 1194 si
3150 1141 3251 1210 ipsi
3279 1141 3545 1194 cessando

1973 1227 2117 1282 diem
2147 1227 2466 1281 exemerint.
2500 1231 2567 1281 At
2599 1229 2891 1297 imperatur
2924 1230 3064 1283 dicta
3110 1246 3235 1284 cum
3285 1241 3429 1284 recta
3462 1247 3545 1282 ra-

1976 1319 2122 1374 tione
2169 1318 2313 1372 haud
2349 1319 2657 1373 conscntire
2700 1320 2957 1374 Ostendit.
2989 1321 3206 1381 Amicos
3259 1322 3554 1390 scripsisse

1973 1409 2214 1478 quidem,
2254 1409 2508 1479 praefecto
2538 1409 2771 1464 cubicufi
2798 1411 2999 1473 occiso,
3035 1412 3244 1466 vinctos
3270 1412 3529 1465 Constant

1975 1500 2073 1556 tini
2128 1500 2386 1571 palatium
2446 1512 2823 1556 tenerezcsse
2887 1512 3064 1558 tamen
3119 1503 3175 1556 in
3245 1502 3541 1570 ambiguo,

1973 1603 2156 1649 utrum
2191 1595 2370 1648 adhuc
2401 1604 2643 1649 teneant.
2674 1593 2729 1648 Si
2756 1594 2928 1660 enim,
2957 1595 3152 1666 inquit,
3177 1598 3430 1651 uniwrsa
3465 1597 3553 1652 cia

1971 1686 2120 1742 vitas-
2167 1694 2374 1749 nostra,
2407 1701 2581 1754 neque
2635 1686 2737 1741 illis
2793 1698 3014 1757 propter
3078 1687 3317 1741 studium
3369 1689 3549 1741 nostri

1972 1778 2268 1848 quidquam
2321 1778 2605 1833 molestum
2651 1786 2754 1840 est,
2788 1795 2888 1834 cur
2938 1780 3007 1835 ad
3035 1779 3157 1836 illos
3194 1780 3538 1845 festinemus,

303 1841 491 1913 έχουσι
520 1847 616 1939 καὶ
662 1850 827 1921 μέχρι
877 1832 1009 1907 νῦν,
1039 1857 1103 1909 Εί
1138 1832 1237 1926 μὲν
1281 1859 1394 1931 γὰρ
1432 1832 1681 1932 ἅπασαη
1714 1862 1869 1927 πόλις

1974 1868 2191 1939 quando
2214 1882 2317 1921 nec
2353 1867 2454 1928 ipsi
2508 1868 2807 1936 periculum
2841 1867 3006 1921 ullum
3057 1876 3328 1929 metuunt,
3357 1877 3411 1922 et
3440 1883 3543 1921 nos

302 1934 726 2027 ⁶ξιτξοσεχώρηιπεν
759 1941 1061 2010 rerum
1113 1946 1267 1999 οὐδὲν
1315 1948 1545 2012 ἐκείνοις
1589 1951 1867 2021 ἐνοχλοῦσι

1974 1934 2042 2017 ex
2063 1959 2320 2015 dilatione
2352 1934 2665 2012 detriment:
2690 1973 2741 2011 m
2774 1958 2977 2012 nullum
3008 1957 3294 2027 capimus?
3323 1958 3437 2021 Sin,
3481 1967 3543 2013 ut

303 2019 401 2117 διά
440 2025 537 2093 τὴν
590 2025 806 2083 εὐνοιαν
837 2030 937 2100 τὴν
973 2034 1112 2104 πρὸς
1144 2035 1312 2104 ἡμᾶς,
1356 2037 1410 2089 τί
1434 2038 1518 2091 δεῖ
1566 2019 1869 2109 ταχυτῆτος

1974 2059 2096 2109 ante
2124 2049 2248 2111 hac,
2280 2063 2495 2102 rursum
2527 2048 2579 2102 in
2614 2048 2781 2101 armis
2821 2056 2969 2110 sunt,
3001 2056 3057 2102 et
3078 2019 3344 2117 -populus
3385 2019 3534 2116 p51...

304 2111 444 2182 πρὸς
493 2117 759 2184 ἐκείνους,
824 2121 952 2193 μήτ’
987 2125 1170 2180 αὐτῶν
1207 2127 1396 2183 οὐδένα
1455 2131 1699 2184 κίνδυνον
1738 2132 1872 2185 ὐπο-

1974 2141 2104 2194 tium
2136 2149 2436 2211 oppugnat,
2464 2156 2568 2194 non
2605 2141 2788 2204 video,
2819 2157 2923 2210 qua
2957 2143 3006 2196 vi
3032 2142 3084 2196 id
3113 2142 3380 2196 servaturi
3405 2143 3536 2205 sint;

306 2205 618 2262 πτευόντων
639 2248 656 2273 ,
687 2213 783 2267 καὶ
811 2214 969 2284 ήμῶν
1004 2214 1394 2288 ζημιουμένων
1421 2220 1511 2275 διὰ
1531 2222 1644 2293 δτὴν
1674 2224 1873 2294 μέλλη-

307 2311 390 2347 σιν
426 2299 634 2367 μηδέν;
673 2302 722 2354 εί
753 2302 797 2354 δ’
836 2304 1026 2377 ῶσπερ
1066 2311 1334 2381 πρότερον
1360 2311 1513 2376 αὖθις
1546 2314 1866 2385 πολεμοῦσι,

306 2387 401 2441 καὶ
441 2393 794 2464 τειχομαχίας
845 2397 981 2467 πρὸς
1038 2400 1234 2463 αὐτοὺς
1301 2403 1329 2454 ό
1378 2401 1548 2472 δῆμος
1591 2405 1869 2461 ποιοῦνται

305 2478 572 2545 ἐπιόντες,
603 2483 704 2554 οὐχ
742 2485 853 2556 ὁρῶ
881 2488 979 2559 τὴν
1017 2488 1272 2558 δύναμιν,
1316 2493 1405 2561 ὐφ’
1433 2489 1500 2566 ἧς
1530 2497 1682 2549 αὐτοὶ
1711 2515 1868 2569 περι-

306 2572 629 2636 ποιήσονται
681 2574 742 2626 τὸ
773 2576 1058 2648 φρούριονο
1088 2577 1213 2634 οὐτε
1253 2583 1578 2652 γάριὸπλων
1605 2589 1870 2656 εὐποροῦ-

309 2675 395 2711 σιν
422 2661 614 2717 ἆοπλοι
661 2665 756 2718 καὶ
792 2668 1069 2739 δεσμῶται
1123 2673 1309 2740 ὄντες,
1356 2675 1481 2730 οὔτε
1533 2679 1638 2731 τῶν
1681 2682 1842 2752 ὲπιτη

306 2749 472 2845 δεςων,
497 2754 632 2825 πρὸς
675 2759 906 2831 τροφήν*
936 2764 1006 2815 τά
1040 2763 1147 2832 γὰρ
1176 2767 1448 2834 ἀναγκαῖα.
1487 2771 1643 2839 μόλις
1670 2749 1868 2845 ὲχορηο

306 2839 499 2932 γοῦντο
540 2847 689 2915 παρά
720 2848 829 2901 τῶν
868 2852 1124 2919 φυλάκων
1149 2856 1440 2928 γλίσχρως.
1489 2863 1629 2932 ιςρὸς
1655 2839 1867 2929 τούτοις

305 2931 384 2997 δὲ,
423 2936 484 2988 οὐ
526 2938 659 3009 πρὸς
684 2938 743 2993 τὸ
784 2941 879 2994 τοῦ
911 2945 1175 3011 φρουρίου
1214 2948 1443 3016 μέγεθος
1476 2931 1868 3023 ὲςαρκέσουσιν

307 3025 480 3094 ὀλίγοι
523 3027 697 3095 ὄντες,
750 3031 880 3083 αὐτό
933 3049 995 3084 τε
1037 3032 1097 3084 τὸ
1126 3038 1390 3105 φρούριον
1421 3040 1770 3109 ἠμελημένον
1805 3046 1869 3098 ὲκ

1968 2246 2070 2286 nec
2099 2232 2245 2285 enim
2285 2247 2559 2285 armorum
2593 2230 2825 2286 facultas
2854 2242 2956 2296 est,
2991 2248 3113 2285 cum
3149 2233 3259 2286 sint
3301 2235 3547 2288 inermes

1970 2335 2171 2380 etcum
2219 2322 2460 2388 catenis;
2500 2338 2673 2392 neque
2723 2322 2918 2387 victus,
2952 2339 3113 2392 quem
3159 2306 3539 2377 c‘ustodesvix

1968 2415 2034 2471 ad
2069 2418 2450 2469 necessitatem
2484 2416 2720 2467 tenuiter
2746 2414 3184 2481 suppeditabant.
3204 2414 3368 2483 660
3389 2414 3542 2467 Adde

1968 2506 2112 2577 quod
2141 2506 2206 2559 ad
2239 2504 2652 2575 amplitudinem
2704 2505 2885 2572 palatii
2915 2506 3193 2558 tutandam
3243 2507 3343 2571 ipsi
3379 2506 3538 2572 pauci

1908 2658 1923 2675 τ
1968 2615 2079 2653 non
2116 2596 2583 2669 suiﬁciunt,qu/od
2604 2598 2717 2666 jam
2756 2598 2963 2667 pridem
2992 2598 3322 2668 neglectum,
3350 2606 3405 2649 et
3447 2596 3541 2649 de-

1970 2700 2203 2755 sertum,
2238 2690 2494 2744 facillime
2528 2689 2621 2758 qui
2653 2689 2802 2744 intus
2844 2698 2973 2743 sunt
3003 2692 3235 2758 prodent
3268 2705 3283 2740 :
3322 2697 3378 2741 ut
3408 2688 3540 2742 mihi

1970 2782 2189 2851 quidem
2212 2796 2540 2850 quacunque
2558 2781 2812 2843 intuenti,
2837 2780 3054 2835 diﬂicile
3089 2780 3359 2846 videatur,
3384 2795 3543 2849 posse
3604 2838 3610 2851 ι

1969 2873 2090 2927 illos
2114 2882 2301 2925 contra
2322 2880 2524 2925 tantam
2563 2871 2670 2924 vim
2700 2871 2975 2926 resistere.
2997 2872 3053 2925 Si
3073 2886 3202 2925 vero
3226 2871 3368 2924 unde
3399 2870 3543 2924 unde

1969 2962 2229 3016 auxilium
2265 2961 2570 3031 consecuti,
2600 2969 2654 3014 et
2693 2962 2857 3015 rebus
2903 2963 3224 3016 necessariis
3256 2962 3543 3015 abundan-

1971 3063 2071 3113 tes.
2107 3044 2278 3121 usque
2307 3068 2457 3107 nunc
2505 3068 2563 3107 se
2597 3051 2980 3115 defendi-runt,
3014 3062 3068 3106 et
3098 3053 3305 3107 diutius
3322 3069 3403 3107 se
3451 3054 3547 3106 de-

309 3117 521 3170 πολλῶν
561 3118 718 3185 ἑτῶν,
761 3122 934 3192 ῥᾷστα
988 3126 1256 3194 προδώσει
1301 3133 1427 3193 τοὺς
1459 3134 1695 3194 ἐνόντας·
1728 3135 1869 3189 ὥστε

1975 3117 2206 3198 ίοηιιειηε-
2234 3152 2512 3213 poterunt,
2544 3160 2654 3199 non
2692 3160 2820 3199 sane
2851 3154 3069 3215 propter
3100 3146 3358 3200 incertam
3392 3160 3552 3214 spem"

309 3204 497 3274 εμοίγε
531 3207 594 3260 ἐκ
653 3209 873 3263 πάντων
924 3213 1106 3286 ἄπορα
1158 3213 1300 3271 εἶναι
1354 3218 1518 3282 δοκεῖ,
1553 3221 1875 3293 δυνήσεσθαι

311 3296 512 3361 αὐτοὺς
564 3301 699 3368 πρὸς
737 3304 996 3358 τοσοῦτον
1043 3307 1280 3377 πόλεμον
1332 3311 1701 3380 ἀντισχήσειν.
1737 3312 1797 3367 El
1829 3315 1875 3368 δ’

309 3388 662 3461 ὁθενδηποθεν
715 3395 1035 3466 ἐπικουρίας
1073 3402 1384 3454 ἀπέλαυσάν
1440 3420 1608 3466 τινος,
1642 3408 1734 3458 καὶ
1786 3407 1890 3460 εὐ-’

270 3526 283 3533 -
311 3481 655 3552 πορήσαντες
688 3485 795 3538 τῶν
852 3489 987 3558 πρὸς
1035 3491 1135 3557 τὴν
1185 3494 1374 3561 χρείαν
1435 3496 1702 3566 ἀντέσχον
1745 3499 1874 3569 ἄχρι

310 3572 427 3635 νῦν,
460 3577 557 3628 καὶ
589 3576 755 3646 μέχρι
786 3577 984 3632 πολλοῦ
1009 3581 1337 3652 δυνήσονται
1368 3586 1874 3652 ἀντικαθίστασθαι,

310 3663 372 3715 οὐ
430 3663 494 3733 δὴ
541 3665 611 3718 δι’
658 3667 849 3722 ἐλπίδα
901 3648 1099 3740 ἄδηλον
1129 3648 1247 3724 ea...
1301 3676 1359 3726 ὲν
1417 3678 1602 3744 χερσὶν
1653 3648 1874 3746 ἀγαθῶν

310 3753 647 3824 ἀποσχέσθαι
682 3756 827 3812 δέον.
864 3761 1034 3831 Φεραὶ
1091 3763 1196 3834 γὰρ
1244 3765 1304 3818 οὐ
1360 3768 1539 3837 φαύλη
1578 3770 1733 3833 πόλις
1781 3775 1876 3826 καὶ

311 3845 399 3897 οἶα
439 3851 942 3921 καταφρονηθῆναι,
987 3854 1122 3907 ἀλλά
1155 3859 1368 3927 μεγάλη
1425 3875 1485 3912 τε
1530 3862 1626 3915 καὶ
1659 3863 1874 3933 θαυμα-

314 3936 421 4000 σία,
453 3941 549 3990 καί
590 3942 866 4008 ἀναγκαία
919 3948 987 4014 τῇ
1040 3946 1326 4015 Ῥωμαίων
1362 3954 1526 4024 κάρχῇ
1589 3958 1871 4027 παρεῖναι.

312 4028 393 4078 Δι’
419 4026 454 4080 ά
482 4029 593 4081 δεῖν
644 4032 828 4100 οἴομαι
863 4036 960 4102 τὴν
1012 4037 1109 4106 μὲν
1136 4038 1307 4111 ἀλλην
1346 4041 1564 4097 ἅπασαν
1610 4026 1874 4118 στρατιάν

312 4120 405 4170 ἐπὶ
450 4120 739 4185 Βυζάντιον
777 4129 976 4196 χωρεῖν
1015 4127 1211 4183 αὐτίκα
1235 4170 1250 4197 ,
1304 4133 1407 4211 ὲμε
1457 4136 1513 4187 δὲ
1543 4138 1874 4210 τρισχιλίους

313 4213 701 4280 παραλαϐόντα
736 4218 1100 4287 στρατιώτας,
1161 4225 1455 4291 ἀφικέσθαι
1517 4230 1598 4293 είς
1655 4231 1870 4301 Φεράς·

313 4307 409 4358 καὶ
455 4307 585 4376 μίαν
633 4310 844 4379 ἡμέραν
877 4312 1109 4375 ἐκείνοις
1154 4320 1579 4386 συγγενόμενον,
1607 4323 1700 4373 καὶ
1739 4338 1875 4393 προ-

312 4398 461 4459 νοίας
497 4397 805 4463 άξιώσαντά
842 4417 1009 4465 τινος,
1042 4403 1236 4459 ἔπειτα
1264 4398 1358 4460 καὶ
1391 4410 1517 4472 τοὺς
1559 4411 1630 4463 τὰ
1680 4412 1877 4484 Κράλη

316 4488 632 4558 ᾑρημένους
663 4490 878 4543 ἐκεῖθεν
916 4492 1271 4562 ἐξελάσαντα,
1296 4494 1454 4563 αὖθις
1491 4502 1872 4572 ἀναστρέφειν.
1911 4497 1951 4553 D

314 4581 427 4645 Τῆς
468 4581 636 4652 ἄλλης
673 4583 729 4636 δὲ
764 4590 1022 4655 στρατιᾶς
1050 4588 1137 4640 διὰ
1191 4588 1496 4661 βαρύτητα,
1544 4596 1640 4647 καὶ
1671 4595 1877 4660 πλῆθος

315 4674 657 4744 πυκνοτέρας
708 4676 804 4739 τὰς
848 4679 1276 4747 στρατοπεδείας
1315 4687 1650 4756 ποιουμένης
1675 4730 1689 4752 ,
1717 4687 1877 4740 ὑστε-

320 4766 561 4834 ρήσομεν
620 4767 743 4821 οὐδὲ
775 4768 931 4822 αὐτοὶ
960 4770 1236 4834 εὐσταλεῖς
1265 4790 1324 4826 τε
1355 4774 1506 4838 ὄντες
1546 4779 1640 4829 καὶ
1677 4778 1877 4846 ὀλίγοι,

317 4854 421 4911 καῖ·
450 4862 580 4931 ῥᾷον
632 4861 731 4930 τὴν
779 4862 1087 4932 ὁδοιπορίαν
1141 4862 1448 4929 διανύοντες
1477 4881 1492 4897 °
1531 4868 1627 4919 καὶ
1679 4869 1780 4937 τήν
1819 4885 1879 4920 τε

318 4954 576 5022 πρόνοιαν
620 4954 959 5025 ποιησόμεθα
1015 4958 1201 5028 ⁴ιἐρῶν
1257 4958 1592 5027 τηλικαύτης
1648 4960 1877 5028 πόλεως,

321 5047 415 5099 καὶ
444 5046 579 5115 πρὸς
609 5046 706 5115 τὴν
735 5050 816 5110 είς
859 5047 1154 5111 Βυζάντιον
1179 5048 1490 5117 ὁδοιπορίαν
1525 5049 1881 5119 ζημιωσόμεο

318 5140 388 5192 θα
417 5137 590 5192 οὐδέν.
613 5138 763 5191 Είδὲ
791 5155 938 5202 τινος
984 5141 1408 5208 ἀπολειπόμενοι
1447 5142 1542 5194 καὶ
1579 5141 1689 5193 τῶν
1726 5142 1883 5195 δεόν-

318 5249 449 5294 των,
499 5232 562 5284 οὐ
609 5231 1035 5301 περιγενοίμεθα
1085 5233 1178 5285 τοῦ
1230 5231 1526 5297 Βυζαντίου
1584 5232 1679 5286 νῦν
1708 5273 1723 5297 ,
1764 5236 1883 5291 ἀλλ’

318 5324 562 5388 εἰσαῦθις
597 5322 805 5390 ἔξεστιν
854 5324 954 5376 οὐκ
1007 5325 1251 5392 ἀγενιεῖς
1303 5324 1433 5395 περὶ
1465 5323 1631 5378 αὐτοῦ
1660 5325 1882 5390 ἐλπίδας

322 5416 488 5484 ἔχειν.
519 5414 688 5485 Φεραὶ
725 5412 783 5467 δὲ
818 5414 866 5468 εί
892 5415 1252 5485 ἀμεληθεῖσαι
1285 5417 1392 5471 ὐπὸ
1426 5417 1652 5488 Κράλην
1677 5418 1885 5486 γένοιν-

320 5524 405 5571 το,
445 5506 614 5567 αὐτάς
666 5521 727 5557 τε
775 5504 1159 5570 ἀνασώζεσθαι
1208 5508 1364 5572 ἐλπὶς
1416 5510 1601 5564 οὐκέτι
1630 5510 1880 5578 οὐδεμία,

319 5602 416 5652 καὶ
449 5597 546 5659 τὰς
575 5594 743 5660 ἄλλας
784 5597 884 5665 τῆς
935 5597 1283 5662 Μακεδονίας,
1313 5601 1519 5665 πόλεις,
1552 5602 1743 5673 ῶσπερ
1776 5621 1880 5672 με-

319 5689 500 5759 θόριον
531 5687 757 5757 κειμένη
813 5688 914 5755 τῆς
968 5688 1135 5759 ἄλλης
1193 5691 1370 5759 ἀρχῆς
1414 5674 1708 5762 Ῥωμαίων
1763 5694 1880 5747 δια-

321 5782 529 5850 τέμνει.
562 5781 625 5834 Ἀ
660 5781 765 5851 χρὴ
794 5781 1051 5854 συνορᾷν,
1082 5780 1177 5835 καὶ
1220 5784 1295 5853 μὴ
1330 5784 1540 5854 ἀδήλων
1581 5785 1765 5849 ἕνεκα,
1809 5787 1877 5840 τά

1922 3288 1925 3291 .
1976 3224 2142 3297 bona},
2175 3251 2295 3304 qum
2322 3236 2378 3289 in
2407 3237 2656 3291 manibus
2686 3245 2835 3302 sunt,
2869 3239 3104 3308 ahjicere
3139 3248 3372 3306 oportet.
3423 3238 3541 3292 Non

1974 3328 2122 3381 enim
2145 3327 2361 3396 exigua,
2395 3338 2449 3381 et
2480 3337 2796 3397 contempta
2832 3330 2962 3383 urbs
2993 3328 3204 3391 Pherae,
3237 3329 3336 3382 sed
3361 3330 3542 3397 ampla

1974 3425 2030 3472 et
2070 3417 2317 3481 illustris,
2354 3426 2408 3472 et
2446 3433 2475 3472 a
2503 3434 2608 3487 qua
2667 3418 2972 3473 Romanum
3035 3419 3326 3487 imperimn
3389 3418 3545 3473 valde

1974 3507 2231 3576 pendeat.
2259 3508 2437 3574 Quare
2473 3507 2682 3577 reliquo
2726 3509 2987 3571 exercitui
3034 3492 3183 3562 nulla
3225 3509 3544 3578 interposita

1975 3612 2127 3651 mora
2167 3597 2483 3669 Byzantium
2533 3600 3019 3664 contendendum,
3074 3601 3204 3654 mihi
3243 3616 3370 3654 vero
3418 3618 3542 3655 cum

1978 3680 2161 3742 tribus
2187 3690 2426 3744 millibus
2478 3691 2679 3745 Pheras
2728 3690 3219 3759 proﬁciscendum:
3258 3693 3330 3747 ibi
3377 3709 3542 3747 unum

1976 3778 2291 3835 dicm‘cum
2323 3781 2533 3835 civibus
2568 3783 2899 3849 ponendum,
2952 3783 3222 3852 rebusque
3266 3793 3553 3851 utcunque.

1976 3870 2263 3941 inspectis,
2297 3882 2353 3928 et
2382 3874 2718 3942 compositis,
2749 3883 2809 3929 et
2845 3874 3109 3929 Cralianis
3155 3876 3419 3944 expulsis,
3455 3893 3556 3929 τεο.

1976 3965 2295 4019 vertendum
2345 3964 2558 4035 opinor.
2607 3966 2760 4021 Alias
2814 3977 2994 4021 autem
3054 3968 3265 4037 copias,
3317 3979 3539 4038 propter

1976 4056 2402 4124 multitudinem,
2424 4074 2808 4129 armorumque
2834 4060 3047 4131 pondus
3071 4060 3315 4113 crebrius
3337 4070 3542 4114 castra-

1977 4160 2266 4217 metantes,
2301 4166 2400 4205 nos
2449 4151 2628 4221 pauci,
2663 4162 2718 4206 et
2764 4153 2957 4207 leniter
3009 4151 3225 4217 armati,
3257 4161 3421 4220 atque
3466 4152 3549 4206 id-

1976 4246 2123 4299 circo
2159 4244 2406 4312 expedite
2449 4244 2819 4311 ambulantes,
2846 4245 3003 4299 facile
3057 4248 3453 4314 assequemur:
3490 4254 3546 4298 ct

1977 4336 2051 4391 ita
2079 4335 2270 4390 Pheris
2313 4344 2475 4390 tanta:
2513 4336 2638 4389 urbi
2666 4337 3037 4403 consulemus,
3067 4347 3120 4392 et
3144 4338 3545 4412 profectionem

1977 4420 2335 4494 Byzantinam
2370 4422 2506 4477 nihil
2545 4425 2898 4479 morabimur.
2934 4424 3091 4491 Quod
3123 4428 3165 4481 si
3197 4443 3256 4482 re
3287 4428 3541 4497 quapiam

1983 4515 2287 4572 necessaria
2312 4514 2531 4579 defecti,
2566 4515 2882 4587 Byzantium
2924 4526 3071 4573 nunc
3098 4535 3205 4573 non
3240 4499 3545 4574 obtinueri-

1983 4622 2123 4670 mus,
2157 4616 2332 4660 tamen
2365 4607 2659 4676 ingenuam
2700 4623 2849 4677 spem
2899 4610 3018 4676 ejus
3056 4610 3234 4665 adhuc
3266 4611 3543 4665 obtinendi

1981 4699 2181 4753 habere
2229 4697 2412 4752 liceat.
2451 4697 2548 4753 Sin
2597 4699 2786 4754 Pherae
2832 4701 3163 4771 negligentia
3210 4713 3391 4757 nostra
3444 4706 3546 4758 sub

1983 4790 2159 4845 Cralis
2184 4799 2503 4859 potestatem
2536 4792 2806 4857 venerint,
2829 4793 2973 4862 ipsas
3006 4796 3365 4865 recuperandi
3399 4796 3561 4854 nulla.

1985 4896 2109 4952 spes
2138 4881 2455 4951 supererit;
2506 4897 2605 4938 nec
2633 4884 2766 4938 alias
2809 4885 2976 4939 urbes
3021 4885 3368 4946 Macednum,
3404 4886 3549 4941 inter

1983 4986 2121 5042 quas
2167 4974 2315 5027 velut
2362 4974 2659 5028 conﬁnium
2705 4975 2829 5041 sita,
2863 4991 2893 5029 a
2922 4984 3119 5031 caatero
3157 4977 3383 5046 imperio
3437 4976 3549 5032 lio-

1984 5078 2147 5117 mano
2192 5080 2285 5119 eas
2330 5064 2543 5119 dividit.
2580 5065 2712 5131 Quae
2757 5067 3072 5122 aestimanda
3113 5076 3261 5131 sunt,
3292 5083 3391 5120 nec
3448 5084 3563 5136 pro,

1985 5155 2211 5210 incertis
2236 5167 2384 5210 certa
2416 5158 2761 5213 dimittenda.
2790 5156 2940 5212 Talia
2986 5157 3282 5227 imperator
3313 5159 3364 5210 in
3419 5173 3552 5214 rou-

1983 5246 2107 5300 silio
2137 5261 2422 5317 procerum
2454 5249 2737 5317 suadebat,
2778 5258 2835 5305 et
2879 5250 3242 5321 persuadehat
3277 5249 3554 5319 plurimis.

1984 5338 2242 5393 Amurius
2273 5352 2422 5404 vero,
2452 5350 2505 5394 et
2537 5340 2871 5406 Sulimanus,
2908 5342 3109 5410 aliique
3152 5340 3339 5397 Persae-
3370 5346 3548 5411 palam

1991 5437 2399 5498 responsantes,
2446 5445 2636 5500 parum
2679 5433 2883 5486 utiliter
2928 5432 3271 5487 consuluisse
3309 5435 3547 5488 aliuma-

1985 5521 2159 5574 bant:
2203 5536 2325 5575 cum
2365 5522 2435 5575 de
2477 5521 2735 5592 Byzantio
2768 5532 2980 5593 agatur,
3014 5536 3070 5580 et
3119 5533 3267 5580 tanta
3319 5541 3443 5595 sprs
3473 5525 3549 5578 af-
3588 5506 3601 5513 δ

1986 5608 2215 5681 fulgeat,
2249 5610 2343 5679 illo
2393 5613 2637 5683 neglecto
2675 5614 2741 5667 ad
2784 5614 2950 5679 aliud,
2985 5616 3236 5685 quamvis
3282 5616 3547 5686 Optimum

1969 5702 2249 5757 converti.
2288 5702 2404 5757 Non
2443 5704 2588 5759 enim
2639 5704 2712 5758 illi
2744 5721 2866 5762 cum
2912 5707 3126 5761 caeteris
3171 5705 3451 5771 Romanis,
3478 5704 3551 5759 de
3642 5708 3655 5719 ‘

1990 5806 2095 5846 una
2134 5803 2226 5847 aut
2265 5793 2474 5850 duabus
2509 5795 2753 5865 urbibus,
2788 5798 2880 5852 sed
2918 5798 2983 5855 de
3020 5807 3132 5856 toto
3164 5793 3326 5855 simul
3369 5796 3546 5867 impe-

3556 5888 3585 5903 '.
