  <div class='ocr_page' id='page_1' title='image "/cluster/home/n/w/nwhite01/storage/ocr_20150623/153/hvd.32044019208412/672.png"; bbox 0 0 3964 6554; ppageno 0'>
   <div class='ocr_carea' id='block_1_1' title="bbox 354 382 495 458">
    <p class='ocr_par' dir='ltr' id='par_1_1' title="bbox 354 382 495 458">
     <span class='ocr_line' id='line_1_1' title="bbox 354 382 495 458; baseline -0.007 0"><span class='ocrx_word' id='word_1_1' title='bbox 354 382 495 458; x_wconf 66' lang='grc'><strong>1265</strong></span> 
     </span>
    </p>
   </div>
   <div class='ocr_carea' id='block_1_2' title="bbox 1491 388 2440 472">
    <p class='ocr_par' dir='ltr' id='par_1_2' title="bbox 1491 388 2440 472">
     <span class='ocr_line' id='line_1_2' title="bbox 1491 388 2440 472; baseline -0.004 -9"><span class='ocrx_word' id='word_1_2' title='bbox 1491 397 2037 464; x_wconf 72' lang='grc' dir='ltr'><strong>ΗῘΒΤΟΒΙΑΒΗΜ</strong></span> <span class='ocrx_word' id='word_1_3' title='bbox 2066 399 2299 463; x_wconf 75' lang='lat' dir='ltr'><strong>LIBER</strong></span> <span class='ocrx_word' id='word_1_4' title='bbox 2328 388 2440 472; x_wconf 53' lang='lat' dir='ltr'><strong>IlI,</strong></span> 
     </span>
    </p>
   </div>
   <div class='ocr_carea' id='block_1_3' title="bbox 3477 372 3610 462">
    <p class='ocr_par' dir='ltr' id='par_1_3' title="bbox 3477 372 3610 462">
     <span class='ocr_line' id='line_1_3' title="bbox 3477 372 3610 462; baseline -0.015 0"><span class='ocrx_word' id='word_1_5' title='bbox 3477 372 3610 462; x_wconf 65' lang='lat'><strong>{366</strong></span> 
     </span>
    </p>
   </div>
   <div class='ocr_carea' id='block_1_4' title="bbox 353 508 1960 587">
    <p class='ocr_par' dir='ltr' id='par_1_4' title="bbox 353 508 1929 587">
     <span class='ocr_line' id='line_1_4' title="bbox 353 508 1929 587; baseline 0.005 -26"><span class='ocrx_word' id='word_1_6' title='bbox 353 508 743 577; x_wconf 62' lang='grc' dir='ltr'>ἔφασανςδεῖν,</span> <span class='ocrx_word' id='word_1_7' title='bbox 777 510 898 564; x_wconf 78' lang='grc' dir='ltr'>ἀλλ’</span> <span class='ocrx_word' id='word_1_8' title='bbox 936 511 1084 568; x_wconf 77' lang='grc' dir='ltr'>ἔνδον</span> <span class='ocrx_word' id='word_1_9' title='bbox 1125 509 1376 581; x_wconf 72' lang='grc' dir='ltr'><strong>εἰσιέναι,</strong></span> <span class='ocrx_word' id='word_1_10' title='bbox 1441 517 1537 569; x_wconf 77' lang='grc' dir='ltr'>καὶ</span> <span class='ocrx_word' id='word_1_11' title='bbox 1619 516 1929 587; x_wconf 85' lang='grc' dir='ltr'>ἀμύνεσθαι</span> 
     </span>
    </p>
   </div>
   <div class='ocr_carea' id='block_1_5' title="bbox 2061 508 3612 587">
    <p class='ocr_par' dir='ltr' id='par_1_5' title="bbox 2064 510 3612 586">
     <span class='ocr_line' id='line_1_5' title="bbox 2064 510 3612 586; baseline 0 -16"><span class='ocrx_word' id='word_1_12' title='bbox 2064 516 2204 571; x_wconf 86' lang='lat' dir='ltr'><strong>ociis</strong></span> <span class='ocrx_word' id='word_1_13' title='bbox 2231 510 2298 571; x_wconf 91' lang='lat' dir='ltr'><strong>ad</strong></span> <span class='ocrx_word' id='word_1_14' title='bbox 2342 530 2485 580; x_wconf 87' lang='lat' dir='ltr'><strong>eam,</strong></span> <span class='ocrx_word' id='word_1_15' title='bbox 2514 531 2622 586; x_wconf 90' lang='lat' dir='ltr'><strong>qua</strong></span> <span class='ocrx_word' id='word_1_16' title='bbox 2662 532 2691 570; x_wconf 91' lang='lat' dir='ltr'><strong>e</strong></span> <span class='ocrx_word' id='word_1_17' title='bbox 2722 515 2999 571; x_wconf 74' lang='lat' dir='ltr'><strong>mamilius</strong></span> <span class='ocrx_word' id='word_1_18' title='bbox 3026 528 3281 586; x_wconf 83' lang='lat' dir='ltr'><strong>egressus</strong></span> <span class='ocrx_word' id='word_1_19' title='bbox 3309 523 3390 569; x_wconf 85' lang='lat' dir='ltr'><strong>est</strong></span> <span class='ocrx_word' id='word_1_20' title='bbox 3421 516 3612 581; x_wconf 52' lang='lat' dir='ltr'><strong>arces?</strong></span> 
     </span>
    </p>
   </div>
   <div class='ocr_carea' id='block_1_6' title="bbox 354 601 1931 682">
    <p class='ocr_par' dir='ltr' id='par_1_6' title="bbox 354 601 1931 682">
     <span class='ocr_line' id='line_1_6' title="bbox 354 601 1931 682; baseline 0.001 -25"><span class='ocrx_word' id='word_1_21' title='bbox 354 601 665 666; x_wconf 81' lang='grc' dir='ltr'>ἀναϐάντας</span> <span class='ocrx_word' id='word_1_22' title='bbox 706 602 817 657; x_wconf 74' lang='grc' dir='ltr'>ἀπὸ</span> <span class='ocrx_word' id='word_1_23' title='bbox 843 603 953 657; x_wconf 87' lang='grc' dir='ltr'><strong>τῶν</strong></span> <span class='ocrx_word' id='word_1_24' title='bbox 994 605 1216 677; x_wconf 84' lang='grc' dir='ltr'>τειχῶν.</span> <span class='ocrx_word' id='word_1_25' title='bbox 1249 608 1439 662; x_wconf 50' lang='grc' dir='ltr'><strong>ΑΕπεί</strong></span> <span class='ocrx_word' id='word_1_26' title='bbox 1490 608 1548 662; x_wconf 78' lang='grc' dir='ltr'>δὲ</span> <span class='ocrx_word' id='word_1_27' title='bbox 1575 608 1724 663; x_wconf 76' lang='grc' dir='ltr'>ἔνδον</span> <span class='ocrx_word' id='word_1_28' title='bbox 1766 605 1931 682; x_wconf 80' lang='grc' dir='ltr'>ἦσαν,</span> 
     </span>
    </p>
   </div>
   <div class='ocr_carea' id='block_1_7' title="bbox 359 688 1938 771">
    <p class='ocr_par' dir='ltr' id='par_1_7' title="bbox 359 688 1938 771">
     <span class='ocr_line' id='line_1_7' title="bbox 359 688 1938 771; baseline 0.004 -23"><span class='ocrx_word' id='word_1_29' title='bbox 359 694 841 766; x_wconf 75' lang='grc' dir='ltr'><strong>παρακαλούμενοι</strong></span> <span class='ocrx_word' id='word_1_30' title='bbox 868 688 1027 760; x_wconf 76' lang='grc' dir='ltr'>αὖθις</span> <span class='ocrx_word' id='word_1_31' title='bbox 1054 698 1150 752; x_wconf 76' lang='grc' dir='ltr'>ἐπὶ</span> <span class='ocrx_word' id='word_1_32' title='bbox 1197 698 1265 753; x_wconf 80' lang='grc' dir='ltr'><strong>τὰ</strong></span> <span class='ocrx_word' id='word_1_33' title='bbox 1292 700 1449 771; x_wconf 83' lang='grc' dir='ltr'>τείχη</span> <span class='ocrx_word' id='word_1_34' title='bbox 1490 700 1805 754; x_wconf 74' lang='grc' dir='ltr'>ἀναϐαίνειν</span> <span class='ocrx_word' id='word_1_35' title='bbox 1845 701 1938 754; x_wconf 78' lang='grc' dir='ltr'>καὶ</span> 
     </span>
    </p>
   </div>
   <div class='ocr_carea' id='block_1_8' title="bbox 354 778 1937 861">
    <p class='ocr_par' dir='ltr' id='par_1_8' title="bbox 354 778 1937 861">
     <span class='ocr_line' id='line_1_8' title="bbox 354 778 1937 861; baseline 0.003 -23"><span class='ocrx_word' id='word_1_36' title='bbox 354 784 687 855; x_wconf 78' lang='grc' dir='ltr'>ἀμύνεσθαι,</span> <span class='ocrx_word' id='word_1_37' title='bbox 747 787 849 840; x_wconf 85' lang='grc' dir='ltr'>οὑκ</span> <span class='ocrx_word' id='word_1_38' title='bbox 923 788 1218 859; x_wconf 75' lang='grc' dir='ltr'><strong>ἠθέλησαν,</strong></span> <span class='ocrx_word' id='word_1_39' title='bbox 1270 778 1354 861; x_wconf 65' lang='grc' dir='ltr'><strong>’μὴ</strong></span> <span class='ocrx_word' id='word_1_40' title='bbox 1382 790 1581 844; x_wconf 74' lang='grc' dir='ltr'>ειδέναι</span> <span class='ocrx_word' id='word_1_41' title='bbox 1632 790 1937 858; x_wconf 75' lang='grc' dir='ltr'>φάσκοντες</span> 
     </span>
    </p>
   </div>
   <div class='ocr_carea' id='block_1_9' title="bbox 362 879 1938 955">
    <p class='ocr_par' dir='ltr' id='par_1_9' title="bbox 362 879 1938 955">
     <span class='ocr_line' id='line_1_9' title="bbox 362 879 1938 955; baseline 0.005 -27"><span class='ocrx_word' id='word_1_42' title='bbox 362 880 735 949; x_wconf 71' lang='grc' dir='ltr'><strong>τειχομαχεῖν,</strong></span> <span class='ocrx_word' id='word_1_43' title='bbox 771 879 908 949; x_wconf 77' lang='grc' dir='ltr'>μηδὲ</span> <span class='ocrx_word' id='word_1_44' title='bbox 956 882 1199 935; x_wconf 77' lang='grc' dir='ltr'>κτείνειν</span> <span class='ocrx_word' id='word_1_45' title='bbox 1225 883 1354 947; x_wconf 80' lang='grc' dir='ltr'>τοὺς</span> <span class='ocrx_word' id='word_1_46' title='bbox 1400 882 1657 947; x_wconf 81' lang='grc' dir='ltr'>οἰκείους,</span> <span class='ocrx_word' id='word_1_47' title='bbox 1709 882 1742 955; x_wconf 79' lang='grc' dir='ltr'>ἢ</span> <span class='ocrx_word' id='word_1_48' title='bbox 1787 882 1938 936; x_wconf 73' lang='grc' dir='ltr'>κτείο</span> 
     </span>
    </p>
   </div>
   <div class='ocr_carea' id='block_1_10' title="bbox 356 959 1939 1040">
    <p class='ocr_par' dir='ltr' id='par_1_10' title="bbox 356 959 1939 1040">
     <span class='ocr_line' id='line_1_10' title="bbox 356 959 1939 1040; baseline 0.005 -24"><span class='ocrx_word' id='word_1_49' title='bbox 356 964 566 1030; x_wconf 84' lang='grc' dir='ltr'>νεσθαι,</span> <span class='ocrx_word' id='word_1_50' title='bbox 592 959 868 1036; x_wconf 79' lang='grc' dir='ltr'><strong>’ἀνάγκης</strong></span> <span class='ocrx_word' id='word_1_51' title='bbox 951 963 1225 1038; x_wconf 73' lang='grc' dir='ltr'>μτηδεμιᾶς</span> <span class='ocrx_word' id='word_1_52' title='bbox 1278 968 1547 1040; x_wconf 81' lang='grc' dir='ltr'>ὑπούσης.</span> <span class='ocrx_word' id='word_1_53' title='bbox 1600 970 1939 1038; x_wconf 80' lang='grc' dir='ltr'>Ἀπόκαυχος</span> 
     </span>
    </p>
   </div>
   <div class='ocr_carea' id='block_1_11' title="bbox 355 1055 1936 1132">
    <p class='ocr_par' dir='ltr' id='par_1_11' title="bbox 355 1055 1936 1132">
     <span class='ocr_line' id='line_1_11' title="bbox 355 1055 1936 1132; baseline 0.005 -23"><span class='ocrx_word' id='word_1_54' title='bbox 355 1055 413 1110; x_wconf 83' lang='grc' dir='ltr'>δὲ</span> <span class='ocrx_word' id='word_1_55' title='bbox 456 1056 595 1125; x_wconf 81' lang='grc' dir='ltr'>μετὰ</span> <span class='ocrx_word' id='word_1_56' title='bbox 617 1057 727 1110; x_wconf 83' lang='grc' dir='ltr'><strong>τῶν</strong></span> <span class='ocrx_word' id='word_1_57' title='bbox 754 1057 932 1114; x_wconf 81' lang='grc' dir='ltr'>ἀλλων</span> <span class='ocrx_word' id='word_1_58' title='bbox 966 1061 1090 1113; x_wconf 76' lang='grc' dir='ltr'>ἐπεὶ</span> <span class='ocrx_word' id='word_1_59' title='bbox 1119 1061 1224 1132; x_wconf 53' lang='grc' dir='ltr'>ἢν</span> <span class='ocrx_word' id='word_1_60' title='bbox 1272 1062 1564 1132; x_wconf 74' lang='grc' dir='ltr'>προδοσίαν</span> <span class='ocrx_word' id='word_1_61' title='bbox 1619 1063 1936 1132; x_wconf 83' lang='grc' dir='ltr'>κατενόουν,</span> 
     </span>
    </p>
   </div>
   <div class='ocr_carea' id='block_1_12' title="bbox 360 1148 1942 1225">
    <p class='ocr_par' dir='ltr' id='par_1_12' title="bbox 360 1148 1942 1225">
     <span class='ocr_line' id='line_1_12' title="bbox 360 1148 1942 1225; baseline 0.006 -26"><span class='ocrx_word' id='word_1_62' title='bbox 360 1148 455 1200; x_wconf 71' lang='grc' dir='ltr'><strong>καὶ</strong></span> <span class='ocrx_word' id='word_1_63' title='bbox 521 1148 616 1201; x_wconf 82' lang='grc' dir='ltr'><strong>τὸν</strong></span> <span class='ocrx_word' id='word_1_64' title='bbox 674 1149 928 1203; x_wconf 82' lang='grc' dir='ltr'>κίνδυνον</span> <span class='ocrx_word' id='word_1_65' title='bbox 989 1153 1392 1220; x_wconf 83' lang='grc' dir='ltr'>περιεστηκότα</span> <span class='ocrx_word' id='word_1_66' title='bbox 1454 1154 1766 1225; x_wconf 79' lang='grc' dir='ltr'><strong>συνεώρων,</strong></span> <span class='ocrx_word' id='word_1_67' title='bbox 1829 1153 1942 1225; x_wconf 83' lang='grc' dir='ltr'><strong>ὦρ-</strong></span> 
     </span>
    </p>
   </div>
   <div class='ocr_carea' id='block_1_13' title="bbox 363 1240 1940 1316">
    <p class='ocr_par' dir='ltr' id='par_1_13' title="bbox 363 1240 1940 1316">
     <span class='ocr_line' id='line_1_13' title="bbox 363 1240 1940 1316; baseline 0.006 -26"><span class='ocrx_word' id='word_1_68' title='bbox 363 1256 533 1311; x_wconf 88' lang='grc' dir='ltr'>μηντο</span> <span class='ocrx_word' id='word_1_69' title='bbox 561 1240 788 1310; x_wconf 75' lang='grc' dir='ltr'><strong>φεύγειν</strong></span> <span class='ocrx_word' id='word_1_70' title='bbox 830 1241 937 1309; x_wconf 74' lang='grc' dir='ltr'><strong>ἔξω</strong></span> <span class='ocrx_word' id='word_1_71' title='bbox 966 1243 1190 1315; x_wconf 79' lang='grc' dir='ltr'>τειχῶνο</span> <span class='ocrx_word' id='word_1_72' title='bbox 1235 1246 1439 1316; x_wconf 79' lang='grc' dir='ltr'>συνέὸη</span> <span class='ocrx_word' id='word_1_73' title='bbox 1474 1247 1530 1300; x_wconf 73' lang='grc' dir='ltr'>δὲ</span> <span class='ocrx_word' id='word_1_74' title='bbox 1557 1247 1648 1300; x_wconf 80' lang='grc' dir='ltr'>τὸν</span> <span class='ocrx_word' id='word_1_75' title='bbox 1693 1246 1764 1302; x_wconf 78' lang='grc' dir='ltr'>τὰ</span> <span class='ocrx_word' id='word_1_76' title='bbox 1791 1248 1940 1301; x_wconf 83' lang='grc' dir='ltr'>κλεῖ-</span> 
     </span>
    </p>
   </div>
   <div class='ocr_carea' id='block_1_14' title="bbox 361 1328 1945 1411">
    <p class='ocr_par' dir='ltr' id='par_1_14' title="bbox 361 1328 1945 1411">
     <span class='ocr_line' id='line_1_14' title="bbox 361 1328 1945 1411; baseline 0.008 -30"><span class='ocrx_word' id='word_1_77' title='bbox 361 1328 466 1400; x_wconf 83' lang='grc' dir='ltr'><strong>θρα</strong></span> <span class='ocrx_word' id='word_1_78' title='bbox 513 1331 611 1399; x_wconf 85' lang='grc' dir='ltr'>τῆς</span> <span class='ocrx_word' id='word_1_79' title='bbox 671 1331 851 1403; x_wconf 84' lang='grc' dir='ltr'>ἀκρας</span> <span class='ocrx_word' id='word_1_80' title='bbox 919 1335 1261 1406; x_wconf 75' lang='grc' dir='ltr'>κατέχοντα,</span> <span class='ocrx_word' id='word_1_81' title='bbox 1340 1339 1452 1391; x_wconf 81' lang='grc' dir='ltr'><strong>τῶν</strong></span> <span class='ocrx_word' id='word_1_82' title='bbox 1510 1339 1775 1411; x_wconf 80' lang='grc' dir='ltr'>Ζηλωτῶν</span> <span class='ocrx_word' id='word_1_83' title='bbox 1848 1341 1945 1395; x_wconf 72' lang='grc' dir='ltr'><strong>ἕνα</strong></span> 
     </span>
    </p>
   </div>
   <div class='ocr_carea' id='block_1_15' title="bbox 361 1416 1991 1505">
    <p class='ocr_par' dir='ltr' id='par_1_15' title="bbox 361 1416 1991 1505">
     <span class='ocr_line' id='line_1_15' title="bbox 361 1416 1991 1505; baseline 0.009 -31"><span class='ocrx_word' id='word_1_84' title='bbox 361 1416 523 1477; x_wconf 74' lang='grc' dir='ltr'>εἶναι·</span> <span class='ocrx_word' id='word_1_85' title='bbox 586 1422 646 1487; x_wconf 82' lang='grc' dir='ltr'>ὃς</span> <span class='ocrx_word' id='word_1_86' title='bbox 703 1425 831 1478; x_wconf 83' lang='grc' dir='ltr'>ἐπεὶ</span> <span class='ocrx_word' id='word_1_87' title='bbox 920 1425 1376 1498; x_wconf 83' lang='grc' dir='ltr'>διχοστατοῦντας</span> <span class='ocrx_word' id='word_1_88' title='bbox 1450 1425 1563 1485; x_wconf 76' lang='grc' dir='ltr'>εἶδε</span> <span class='ocrx_word' id='word_1_89' title='bbox 1610 1434 1707 1486; x_wconf 75' lang='grc' dir='ltr'>καὶ</span> <span class='ocrx_word' id='word_1_90' title='bbox 1757 1433 1991 1505; x_wconf 77' lang='grc' dir='ltr'>ὡρμη-’</span> 
     </span>
    </p>
   </div>
   <div class='ocr_carea' id='block_1_16' title="bbox 368 1514 1947 1604">
    <p class='ocr_par' dir='ltr' id='par_1_16' title="bbox 368 1514 1947 1604">
     <span class='ocr_line' id='line_1_16' title="bbox 368 1514 1947 1604; baseline 0.009 -38"><span class='ocrx_word' id='word_1_91' title='bbox 368 1514 568 1604; x_wconf 82' lang='grc' dir='ltr'>μένους</span> <span class='ocrx_word' id='word_1_92' title='bbox 617 1514 869 1585; x_wconf 75' lang='grc' dir='ltr'>φεύγειν,</span> <span class='ocrx_word' id='word_1_93' title='bbox 929 1519 1115 1583; x_wconf 84' lang='grc' dir='ltr'>συνεὶς</span> <span class='ocrx_word' id='word_1_94' title='bbox 1143 1519 1208 1574; x_wconf 80' lang='grc' dir='ltr'>τὸ</span> <span class='ocrx_word' id='word_1_95' title='bbox 1264 1522 1487 1592; x_wconf 77' lang='grc' dir='ltr'><strong>μέλλον,</strong></span> <span class='ocrx_word' id='word_1_96' title='bbox 1554 1524 1947 1604; x_wconf 74' lang='grc' dir='ltr'>ἀπεκρύπτετο</span> 
     </span>
    </p>
   </div>
   <div class='ocr_carea' id='block_1_17' title="bbox 362 1602 1949 1688">
    <p class='ocr_par' dir='ltr' id='par_1_17' title="bbox 362 1602 1949 1688">
     <span class='ocr_line' id='line_1_17' title="bbox 362 1602 1949 1688; baseline 0.009 -31"><span class='ocrx_word' id='word_1_97' title='bbox 362 1605 431 1658; x_wconf 82' lang='grc' dir='ltr'>τὰ</span> <span class='ocrx_word' id='word_1_98' title='bbox 454 1602 682 1678; x_wconf 82' lang='grc' dir='ltr'>κλεῖθρα</span> <span class='ocrx_word' id='word_1_99' title='bbox 713 1603 874 1681; x_wconf 66' lang='grc' dir='ltr'>ἔχων.</span> <span class='ocrx_word' id='word_1_100' title='bbox 902 1610 1047 1665; x_wconf 81' lang='grc' dir='ltr'>Πολὺ</span> <span class='ocrx_word' id='word_1_101' title='bbox 1080 1612 1139 1665; x_wconf 83' lang='grc' dir='ltr'>δὲ</span> <span class='ocrx_word' id='word_1_102' title='bbox 1172 1612 1284 1667; x_wconf 79' lang='grc' dir='ltr'><strong>τῶν</strong></span> <span class='ocrx_word' id='word_1_103' title='bbox 1318 1613 1504 1669; x_wconf 84' lang='grc' dir='ltr'>πυλῶν</span> <span class='ocrx_word' id='word_1_104' title='bbox 1530 1602 1814 1688; x_wconf 72' lang='grc' dir='ltr'><strong>ἑκατέρων</strong></span> <span class='ocrx_word' id='word_1_105' title='bbox 1845 1617 1949 1688; x_wconf 84' lang='grc' dir='ltr'><strong>τῆς</strong></span> 
     </span>
    </p>
   </div>
   <div class='ocr_carea' id='block_1_18' title="bbox 363 1691 1953 1775">
    <p class='ocr_par' dir='ltr' id='par_1_18' title="bbox 363 1691 1953 1775">
     <span class='ocr_line' id='line_1_18' title="bbox 363 1691 1953 1775; baseline 0.009 -30"><span class='ocrx_word' id='word_1_106' title='bbox 363 1691 540 1762; x_wconf 86' lang='grc' dir='ltr'>ἀκρας</span> <span class='ocrx_word' id='word_1_107' title='bbox 562 1694 813 1765; x_wconf 82' lang='grc' dir='ltr'>ἀλλήλων</span> <span class='ocrx_word' id='word_1_108' title='bbox 845 1696 1162 1766; x_wconf 84' lang='grc' dir='ltr'>διεχουσῶν,</span> <span class='ocrx_word' id='word_1_109' title='bbox 1179 1700 1522 1770; x_wconf 83' lang='grc' dir='ltr'>Ἀπόκαυχος</span> <span class='ocrx_word' id='word_1_110' title='bbox 1545 1705 1645 1774; x_wconf 85' lang='grc' dir='ltr'><strong>μὲν</strong></span> <span class='ocrx_word' id='word_1_111' title='bbox 1679 1706 1817 1775; x_wconf 84' lang='grc' dir='ltr'><strong>μετά</strong></span> <span class='ocrx_word' id='word_1_112' title='bbox 1843 1706 1953 1759; x_wconf 84' lang='grc' dir='ltr'>τῶν</span> 
     </span>
    </p>
   </div>
   <div class='ocr_carea' id='block_1_19' title="bbox 364 1784 1949 1867">
    <p class='ocr_par' dir='ltr' id='par_1_19' title="bbox 364 1784 1949 1867">
     <span class='ocr_line' id='line_1_19' title="bbox 364 1784 1949 1867; baseline 0.011 -32"><span class='ocrx_word' id='word_1_113' title='bbox 364 1784 546 1838; x_wconf 82' lang='grc' dir='ltr'>ἀλλων</span> <span class='ocrx_word' id='word_1_114' title='bbox 586 1784 831 1858; x_wconf 85' lang='grc' dir='ltr'>ἐχώρουν</span> <span class='ocrx_word' id='word_1_115' title='bbox 892 1789 989 1842; x_wconf 79' lang='grc' dir='ltr'>ἐπὶ</span> <span class='ocrx_word' id='word_1_116' title='bbox 1037 1788 1138 1859; x_wconf 78' lang='grc' dir='ltr'><strong>τὴν</strong></span> <span class='ocrx_word' id='word_1_117' title='bbox 1197 1788 1502 1858; x_wconf 78' lang='grc' dir='ltr'>ἐξάγουσαν</span> <span class='ocrx_word' id='word_1_118' title='bbox 1565 1795 1675 1850; x_wconf 85' lang='grc' dir='ltr'><strong>τῶν</strong></span> <span class='ocrx_word' id='word_1_119' title='bbox 1727 1799 1949 1867; x_wconf 85' lang='grc' dir='ltr'>τειχῶν.</span> 
     </span>
    </p>
   </div>
   <div class='ocr_carea' id='block_1_20' title="bbox 2038 600 3633 675">
    <p class='ocr_par' dir='ltr' id='par_1_20' title="bbox 2038 600 3633 675">
     <span class='ocr_line' id='line_1_20' title="bbox 2038 600 3633 675; baseline -0.002 -12"><span class='ocrx_word' id='word_1_120' title='bbox 2038 605 2110 663; x_wconf 87' lang='lat' dir='ltr'><strong>sit</strong></span> <span class='ocrx_word' id='word_1_121' title='bbox 2154 623 2168 660; x_wconf 90' lang='lat'><strong>:</strong></span> <span class='ocrx_word' id='word_1_122' title='bbox 2215 620 2377 675; x_wconf 87' lang='lat' dir='ltr'><strong>quam</strong></span> <span class='ocrx_word' id='word_1_123' title='bbox 2436 621 2558 660; x_wconf 89' lang='lat' dir='ltr'><strong>cum</strong></span> <span class='ocrx_word' id='word_1_124' title='bbox 2611 606 2850 660; x_wconf 83' lang='lat' dir='ltr'><strong>clausam</strong></span> <span class='ocrx_word' id='word_1_125' title='bbox 2920 605 3269 667; x_wconf 76' lang='lat' dir='ltr'><strong>invenirent.</strong></span> <span class='ocrx_word' id='word_1_126' title='bbox 3327 600 3633 673; x_wconf 67' lang='lat' dir='ltr'><strong>dillindere&#39;</strong></span> 
     </span>
    </p>
   </div>
   <div class='ocr_carea' id='block_1_21' title="bbox 2045 680 3624 766">
    <p class='ocr_par' dir='ltr' id='par_1_21' title="bbox 2045 680 3624 766">
     <span class='ocr_line' id='line_1_21' title="bbox 2045 680 3624 766; baseline -0.004 -16"><span class='ocrx_word' id='word_1_127' title='bbox 2045 703 2412 750; x_wconf 81' lang='lat' dir='ltr'><strong>tentaverunt.</strong></span> <span class='ocrx_word' id='word_1_128' title='bbox 2445 695 2516 749; x_wconf 80' lang='lat' dir='ltr'><strong>At</strong></span> <span class='ocrx_word' id='word_1_129' title='bbox 2542 695 2779 766; x_wconf 88' lang='lat' dir='ltr'><strong>populus</strong></span> <span class='ocrx_word' id='word_1_130' title='bbox 2808 693 3117 763; x_wconf 84' lang='lat' dir='ltr'><strong>arcis(erat</strong></span> <span class='ocrx_word' id='word_1_131' title='bbox 3142 690 3411 763; x_wconf 73' lang='lat' dir='ltr'><strong>siquidem</strong></span> <span class='ocrx_word' id='word_1_132' title='bbox 3450 680 3624 746; x_wconf 84' lang='lat' dir='ltr'><strong>instar</strong></span> 
     </span>
    </p>
   </div>
   <div class='ocr_carea' id='block_1_22' title="bbox 2044 776 3623 858">
    <p class='ocr_par' dir='ltr' id='par_1_22' title="bbox 2044 776 3623 858">
     <span class='ocr_line' id='line_1_22' title="bbox 2044 776 3623 858; baseline -0.003 -16"><span class='ocrx_word' id='word_1_133' title='bbox 2044 802 2228 858; x_wconf 64' lang='lat' dir='ltr'><strong>parvae</strong></span> <span class='ocrx_word' id='word_1_134' title='bbox 2274 787 2449 851; x_wconf 85' lang='lat' dir='ltr'><strong>urbis,</strong></span> <span class='ocrx_word' id='word_1_135' title='bbox 2503 781 3064 858; x_wconf 30' lang='lat' dir='ltr'><strong>propriosqne‘679</strong></span> <span class='ocrx_word' id='word_1_136' title='bbox 3105 776 3345 841; x_wconf 82' lang='lat' dir='ltr'><strong>habebat</strong></span> <span class='ocrx_word' id='word_1_137' title='bbox 3398 782 3623 850; x_wconf 76' lang='lat' dir='ltr'><strong>incolas)</strong></span> 
     </span>
    </p>
   </div>
   <div class='ocr_carea' id='block_1_23' title="bbox 2045 876 3624 951">
    <p class='ocr_par' dir='ltr' id='par_1_23' title="bbox 2045 876 3624 951">
     <span class='ocr_line' id='line_1_23' title="bbox 2045 876 3624 951; baseline -0.003 -17"><span class='ocrx_word' id='word_1_138' title='bbox 2045 879 2224 951; x_wconf 79' lang='lat' dir='ltr'><strong>fugam</strong></span> <span class='ocrx_word' id='word_1_139' title='bbox 2265 893 2360 934; x_wconf 84' lang='lat' dir='ltr'><strong>eos</strong></span> <span class='ocrx_word' id='word_1_140' title='bbox 2406 894 2714 950; x_wconf 88' lang='lat' dir='ltr'><strong>capessere,</strong></span> <span class='ocrx_word' id='word_1_141' title='bbox 2757 889 2813 935; x_wconf 91' lang='lat' dir='ltr'><strong>et</strong></span> <span class='ocrx_word' id='word_1_142' title='bbox 2857 894 2917 934; x_wconf 88' lang='lat' dir='ltr'><strong>se</strong></span> <span class='ocrx_word' id='word_1_143' title='bbox 2962 878 3163 949; x_wconf 84' lang='lat' dir='ltr'><strong>populo</strong></span> <span class='ocrx_word' id='word_1_144' title='bbox 3199 876 3412 932; x_wconf 89' lang='lat' dir='ltr'><strong>urbano</strong></span> <span class='ocrx_word' id='word_1_145' title='bbox 3459 891 3624 946; x_wconf 84' lang='lat' dir='ltr'><strong>quem</strong></span> 
     </span>
    </p>
   </div>
   <div class='ocr_carea' id='block_1_24' title="bbox 2045 970 3628 1041">
    <p class='ocr_par' dir='ltr' id='par_1_24' title="bbox 2045 970 3628 1041">
     <span class='ocr_line' id='line_1_24' title="bbox 2045 970 3628 1041; baseline -0.004 -14"><span class='ocrx_word' id='word_1_146' title='bbox 2045 970 2520 1041; x_wconf 75' lang='lat' dir='ltr'><strong>superdeissent,</strong></span> <span class='ocrx_word' id='word_1_147' title='bbox 2553 972 2708 1041; x_wconf 89' lang='lat' dir='ltr'><strong>prodi</strong></span> <span class='ocrx_word' id='word_1_148' title='bbox 2739 986 2850 1026; x_wconf 91' lang='lat' dir='ltr'><strong>non</strong></span> <span class='ocrx_word' id='word_1_149' title='bbox 2890 970 3126 1034; x_wconf 88' lang='lat' dir='ltr'><strong>sinebat,</strong></span> <span class='ocrx_word' id='word_1_150' title='bbox 3160 970 3253 1026; x_wconf 86' lang='lat' dir='ltr'><strong>sed</strong></span> <span class='ocrx_word' id='word_1_151' title='bbox 3288 978 3628 1041; x_wconf 77' lang='lat' dir='ltr'><strong>Oppugnan-</strong></span> 
     </span>
    </p>
   </div>
   <div class='ocr_carea' id='block_1_25' title="bbox 2048 1061 3626 1119">
    <p class='ocr_par' dir='ltr' id='par_1_25' title="bbox 2048 1061 3626 1119">
     <span class='ocr_line' id='line_1_25' title="bbox 2048 1061 3626 1119; baseline -0.002 -2"><span class='ocrx_word' id='word_1_152' title='bbox 2048 1063 2194 1119; x_wconf 80' lang='lat' dir='ltr'><strong>tibus</strong></span> <span class='ocrx_word' id='word_1_153' title='bbox 2221 1062 2373 1117; x_wconf 92' lang='lat' dir='ltr'><strong>intus</strong></span> <span class='ocrx_word' id='word_1_154' title='bbox 2403 1078 2498 1118; x_wconf 89' lang='lat' dir='ltr'><strong>eos</strong></span> <span class='ocrx_word' id='word_1_155' title='bbox 2530 1078 2714 1118; x_wconf 86' lang='lat' dir='ltr'><strong>secum</strong></span> <span class='ocrx_word' id='word_1_156' title='bbox 2759 1062 3014 1119; x_wconf 75' lang='lat' dir='ltr'><strong>resisrere</strong></span> <span class='ocrx_word' id='word_1_157' title='bbox 3060 1062 3311 1118; x_wconf 70' lang='lat' dir='ltr'><strong>volebat:</strong></span> <span class='ocrx_word' id='word_1_158' title='bbox 3344 1061 3469 1116; x_wconf 73' lang='lat' dir='ltr'><strong>Haec</strong></span> <span class='ocrx_word' id='word_1_159' title='bbox 3496 1062 3626 1115; x_wconf 91' lang='lat' dir='ltr'><strong>dum</strong></span> 
     </span>
    </p>
   </div>
   <div class='ocr_carea' id='block_1_26' title="bbox 2049 1154 3623 1226">
    <p class='ocr_par' dir='ltr' id='par_1_26' title="bbox 2049 1154 3623 1226">
     <span class='ocr_line' id='line_1_26' title="bbox 2049 1154 3623 1226; baseline 0.001 -18"><span class='ocrx_word' id='word_1_160' title='bbox 2049 1154 2202 1221; x_wconf 88' lang='lat' dir='ltr'><strong>linnt,</strong></span> <span class='ocrx_word' id='word_1_161' title='bbox 2263 1155 2495 1225; x_wconf 87' lang='lat' dir='ltr'><strong>populus</strong></span> <span class='ocrx_word' id='word_1_162' title='bbox 2542 1157 2782 1211; x_wconf 86' lang='lat' dir='ltr'><strong>urbanus</strong></span> <span class='ocrx_word' id='word_1_163' title='bbox 2828 1154 2959 1211; x_wconf 80' lang='lat' dir='ltr'><strong>foris</strong></span> <span class='ocrx_word' id='word_1_164' title='bbox 3005 1156 3185 1226; x_wconf 82' lang='lat' dir='ltr'><strong>ignem</strong></span> <span class='ocrx_word' id='word_1_165' title='bbox 3240 1164 3411 1226; x_wconf 65' lang='lat' dir='ltr'><strong>portae</strong></span> <span class='ocrx_word' id='word_1_166' title='bbox 3460 1154 3623 1220; x_wconf 87' lang='lat' dir='ltr'><strong>arcis,</strong></span> 
     </span>
    </p>
   </div>
   <div class='ocr_carea' id='block_1_27' title="bbox 2049 1247 3624 1319">
    <p class='ocr_par' dir='ltr' id='par_1_27' title="bbox 2049 1247 3624 1319">
     <span class='ocr_line' id='line_1_27' title="bbox 2049 1247 3624 1319; baseline -0.001 -19"><span class='ocrx_word' id='word_1_167' title='bbox 2049 1262 2241 1301; x_wconf 81' lang='lat' dir='ltr'><strong>versus</strong></span> <span class='ocrx_word' id='word_1_168' title='bbox 2289 1247 2499 1311; x_wconf 85' lang='lat' dir='ltr'><strong>urbem,</strong></span> <span class='ocrx_word' id='word_1_169' title='bbox 2534 1248 2972 1319; x_wconf 89' lang='lat' dir='ltr'><strong>quandoquidem</strong></span> <span class='ocrx_word' id='word_1_170' title='bbox 3013 1262 3177 1303; x_wconf 91' lang='lat' dir='ltr'><strong>nemo</strong></span> <span class='ocrx_word' id='word_1_171' title='bbox 3227 1247 3624 1318; x_wconf 83' lang='lat' dir='ltr'><strong>propngnabat,</strong></span> 
     </span>
    </p>
   </div>
   <div class='ocr_carea' id='block_1_28' title="bbox 2049 1338 3627 1411">
    <p class='ocr_par' dir='ltr' id='par_1_28' title="bbox 2049 1338 3627 1411">
     <span class='ocr_line' id='line_1_28' title="bbox 2049 1338 3627 1411; baseline -0.001 -19"><span class='ocrx_word' id='word_1_172' title='bbox 2049 1339 2320 1409; x_wconf 76' lang='lat' dir='ltr'><strong>implicat.</strong></span> <span class='ocrx_word' id='word_1_173' title='bbox 2366 1338 2621 1411; x_wconf 74' lang='lat' dir='ltr'><strong>Claviger</strong></span> <span class='ocrx_word' id='word_1_174' title='bbox 2674 1339 2980 1410; x_wconf 81' lang='lat' dir='ltr'><strong>Strategius</strong></span> <span class='ocrx_word' id='word_1_175' title='bbox 3013 1340 3142 1410; x_wconf 92' lang='lat' dir='ltr'><strong>(hoc</strong></span> <span class='ocrx_word' id='word_1_176' title='bbox 3194 1340 3341 1393; x_wconf 88' lang='lat' dir='ltr'><strong>enim</strong></span> <span class='ocrx_word' id='word_1_177' title='bbox 3396 1338 3472 1393; x_wconf 86' lang='lat' dir='ltr'><strong>illi</strong></span> <span class='ocrx_word' id='word_1_178' title='bbox 3528 1354 3627 1392; x_wconf 90' lang='lat' dir='ltr'><strong>no-</strong></span> 
     </span>
    </p>
   </div>
   <div class='ocr_carea' id='block_1_29' title="bbox 2049 1426 3630 1504">
    <p class='ocr_par' dir='ltr' id='par_1_29' title="bbox 2049 1426 3630 1504">
     <span class='ocr_line' id='line_1_29' title="bbox 2049 1426 3630 1504; baseline -0.001 -18"><span class='ocrx_word' id='word_1_179' title='bbox 2049 1436 2197 1503; x_wconf 87' lang='lat' dir='ltr'><strong>men)</strong></span> <span class='ocrx_word' id='word_1_180' title='bbox 2230 1446 2525 1488; x_wconf 87' lang='lat' dir='ltr'><strong>accurrens</strong></span> <span class='ocrx_word' id='word_1_181' title='bbox 2568 1434 2767 1504; x_wconf 87' lang='lat' dir='ltr'><strong>aperit,</strong></span> <span class='ocrx_word' id='word_1_182' title='bbox 2803 1433 3036 1504; x_wconf 91' lang='lat' dir='ltr'><strong>populus</strong></span> <span class='ocrx_word' id='word_1_183' title='bbox 3083 1447 3142 1488; x_wconf 90' lang='lat' dir='ltr'><strong>se</strong></span> <span class='ocrx_word' id='word_1_184' title='bbox 3188 1432 3446 1496; x_wconf 88' lang='lat' dir='ltr'><strong>infundit,</strong></span> <span class='ocrx_word' id='word_1_185' title='bbox 3476 1426 3630 1486; x_wconf 87' lang='lat' dir='ltr'><strong>subi-</strong></span> 
     </span>
    </p>
   </div>
   <div class='ocr_carea' id='block_1_30' title="bbox 2049 1523 3633 1595">
    <p class='ocr_par' dir='ltr' id='par_1_30' title="bbox 2049 1523 3633 1595">
     <span class='ocr_line' id='line_1_30' title="bbox 2049 1523 3633 1595; baseline -0.003 -15"><span class='ocrx_word' id='word_1_186' title='bbox 2049 1535 2215 1595; x_wconf 89' lang='lat' dir='ltr'><strong>toque</strong></span> <span class='ocrx_word' id='word_1_187' title='bbox 2245 1525 2301 1579; x_wconf 91' lang='lat' dir='ltr'><strong>in</strong></span> <span class='ocrx_word' id='word_1_188' title='bbox 2340 1526 2463 1594; x_wconf 91' lang='lat' dir='ltr'><strong>ipso</strong></span> <span class='ocrx_word' id='word_1_189' title='bbox 2487 1526 2636 1580; x_wconf 88' lang='lat' dir='ltr'><strong>aditu</strong></span> <span class='ocrx_word' id='word_1_190' title='bbox 2691 1527 2839 1580; x_wconf 82' lang='lat' dir='ltr'><strong>cives</strong></span> <span class='ocrx_word' id='word_1_191' title='bbox 2883 1526 3022 1580; x_wconf 88' lang='lat' dir='ltr'><strong>duos</strong></span> <span class='ocrx_word' id='word_1_192' title='bbox 3050 1524 3306 1587; x_wconf 75' lang='lat' dir='ltr'><strong>trucidat,</strong></span> <span class='ocrx_word' id='word_1_193' title='bbox 3336 1524 3531 1579; x_wconf 81' lang='lat' dir='ltr'><strong>deinde</strong></span> <span class='ocrx_word' id='word_1_194' title='bbox 3566 1523 3633 1577; x_wconf 83' lang='lat' dir='ltr'><strong>ad</strong></span> 
     </span>
    </p>
   </div>
   <div class='ocr_carea' id='block_1_31' title="bbox 2046 1615 3634 1686">
    <p class='ocr_par' dir='ltr' id='par_1_31' title="bbox 2046 1615 3634 1686">
     <span class='ocr_line' id='line_1_31' title="bbox 2046 1615 3634 1686; baseline -0.003 -15"><span class='ocrx_word' id='word_1_195' title='bbox 2046 1631 2196 1671; x_wconf 86' lang='lat' dir='ltr'><strong>arma</strong></span> <span class='ocrx_word' id='word_1_196' title='bbox 2249 1632 2530 1686; x_wconf 79' lang='lat' dir='ltr'><strong>equosque</strong></span> <span class='ocrx_word' id='word_1_197' title='bbox 2579 1615 2921 1686; x_wconf 87' lang='lat' dir='ltr'><strong>diripiendos</strong></span> <span class='ocrx_word' id='word_1_198' title='bbox 2967 1615 3333 1671; x_wconf 85' lang='lat' dir='ltr'><strong>convertitur.</strong></span> <span class='ocrx_word' id='word_1_199' title='bbox 3381 1617 3634 1684; x_wconf 85' lang='lat' dir='ltr'><strong>Apocau-</strong></span> 
     </span>
    </p>
   </div>
   <div class='ocr_carea' id='block_1_32' title="bbox 2051 1706 3637 1780">
    <p class='ocr_par' dir='ltr' id='par_1_32' title="bbox 2051 1706 3637 1780">
     <span class='ocr_line' id='line_1_32' title="bbox 2051 1706 3637 1780; baseline -0.002 -15"><span class='ocrx_word' id='word_1_200' title='bbox 2051 1711 2189 1766; x_wconf 87' lang='lat' dir='ltr'><strong>chus</strong></span> <span class='ocrx_word' id='word_1_201' title='bbox 2227 1719 2282 1764; x_wconf 87' lang='lat' dir='ltr'><strong>et</strong></span> <span class='ocrx_word' id='word_1_202' title='bbox 2308 1709 2445 1764; x_wconf 75' lang='lat' dir='ltr'><strong>Socii</strong></span> <span class='ocrx_word' id='word_1_203' title='bbox 2477 1717 2667 1780; x_wconf 89' lang='lat' dir='ltr'><strong>captos</strong></span> <span class='ocrx_word' id='word_1_204' title='bbox 2713 1724 2773 1764; x_wconf 88' lang='lat' dir='ltr'><strong>se</strong></span> <span class='ocrx_word' id='word_1_205' title='bbox 2804 1709 3156 1780; x_wconf 83' lang='lat' dir='ltr'><strong>aspicientes,</strong></span> <span class='ocrx_word' id='word_1_206' title='bbox 3194 1711 3458 1778; x_wconf 73' lang='lat' dir='ltr'><strong>‘qnoniam</strong></span> <span class='ocrx_word' id='word_1_207' title='bbox 3508 1706 3637 1778; x_wconf 81' lang='lat' dir='ltr'><strong>fuga</strong></span> 
     </span>
    </p>
   </div>
   <div class='ocr_carea' id='block_1_33' title="bbox 2056 1800 3638 1879">
    <p class='ocr_par' dir='ltr' id='par_1_33' title="bbox 2056 1800 3638 1879">
     <span class='ocr_line' id='line_1_33' title="bbox 2056 1800 3638 1879; baseline -0.001 -22"><span class='ocrx_word' id='word_1_208' title='bbox 2056 1801 2514 1866; x_wconf 79' lang='lat' dir='ltr'><strong>excludebantur,</strong></span> <span class='ocrx_word' id='word_1_209' title='bbox 2571 1801 2640 1857; x_wconf 90' lang='lat' dir='ltr'><strong>de</strong></span> <span class='ocrx_word' id='word_1_210' title='bbox 2702 1801 2862 1872; x_wconf 88' lang='lat' dir='ltr'><strong>equis</strong></span> <span class='ocrx_word' id='word_1_211' title='bbox 2911 1801 3272 1866; x_wconf 86' lang='lat' dir='ltr'><strong>descendunt,</strong></span> <span class='ocrx_word' id='word_1_212' title='bbox 3329 1801 3493 1879; x_wconf 81' lang='lat' dir='ltr'><strong>armis</strong></span> <span class='ocrx_word' id='word_1_213' title='bbox 3543 1800 3638 1855; x_wconf 85' lang='lat' dir='ltr'><strong>de-</strong></span> 
     </span>
    </p>
   </div>
   <div class='ocr_carea' id='block_1_34' title="bbox 377 1872 1960 1971">
    <p class='ocr_par' dir='ltr' id='par_1_34' title="bbox 377 1872 1949 1971">
     <span class='ocr_line' id='line_1_34' title="bbox 377 1872 1949 1971; baseline 0.01 -44"><span class='ocrx_word' id='word_1_214' title='bbox 377 1873 533 1971; x_wconf 44' lang='grc' dir='ltr'>ῗίζπεί</span> <span class='ocrx_word' id='word_1_215' title='bbox 560 1876 619 1930; x_wconf 81' lang='grc' dir='ltr'>δὲ</span> <span class='ocrx_word' id='word_1_216' title='bbox 649 1872 717 1948; x_wconf 80' lang='grc' dir='ltr'>ἦν</span> <span class='ocrx_word' id='word_1_217' title='bbox 758 1880 1148 1951; x_wconf 84' lang='grc' dir='ltr'>κεκλεισμένη,</span> <span class='ocrx_word' id='word_1_218' title='bbox 1202 1883 1524 1954; x_wconf 69' lang='grc' dir='ltr'><strong>ἐπεχείρουν</strong></span> <span class='ocrx_word' id='word_1_219' title='bbox 1553 1886 1890 1942; x_wconf 83' lang='grc' dir='ltr'>διακόπτειν·</span> <span class='ocrx_word' id='word_1_220' title='bbox 1918 1892 1949 1944; x_wconf 85' lang='grc' dir='ltr'>ὁ</span> 
     </span>
    </p>
   </div>
   <div class='ocr_carea' id='block_1_35' title="bbox 2061 1872 3638 1971">
    <p class='ocr_par' dir='ltr' id='par_1_35' title="bbox 2061 1872 3638 1971">
     <span class='ocr_line' id='line_1_35' title="bbox 2061 1872 3638 1971; baseline -0.001 -18"><span class='ocrx_word' id='word_1_221' title='bbox 2061 1897 2252 1967; x_wconf 85' lang='lat' dir='ltr'><strong>positis</strong></span> <span class='ocrx_word' id='word_1_222' title='bbox 2281 1913 2342 1954; x_wconf 92' lang='lat' dir='ltr'><strong>se</strong></span> <span class='ocrx_word' id='word_1_223' title='bbox 2370 1896 2671 1965; x_wconf 87' lang='lat' dir='ltr'><strong>occulunt;</strong></span> <span class='ocrx_word' id='word_1_224' title='bbox 2706 1899 2863 1968; x_wconf 83' lang='lat' dir='ltr'><strong>pauci</strong></span> <span class='ocrx_word' id='word_1_225' title='bbox 2911 1904 3093 1971; x_wconf 75' lang='lat' dir='ltr'><strong>tamen</strong></span> <span class='ocrx_word' id='word_1_226' title='bbox 3128 1872 3638 1967; x_wconf 21' lang='lat' dir='ltr'><strong>la‘tuerunl,’plures</strong></span> 
     </span>
    </p>
   </div>
   <div class='ocr_carea' id='block_1_36' title="bbox 363 1963 1955 2050">
    <p class='ocr_par' dir='ltr' id='par_1_36' title="bbox 363 1963 1955 2050">
     <span class='ocr_line' id='line_1_36' title="bbox 363 1963 1955 2050; baseline 0.009 -33"><span class='ocrx_word' id='word_1_227' title='bbox 363 1963 538 2034; x_wconf 75' lang='grc' dir='ltr'>δῆμος</span> <span class='ocrx_word' id='word_1_228' title='bbox 554 1966 611 2018; x_wconf 77' lang='grc' dir='ltr'>δὲ</span> <span class='ocrx_word' id='word_1_229' title='bbox 636 1968 671 2019; x_wconf 82' lang='grc' dir='ltr'><strong>ό</strong></span> <span class='ocrx_word' id='word_1_230' title='bbox 692 1968 788 2037; x_wconf 81' lang='grc' dir='ltr'>τῆς</span> <span class='ocrx_word' id='word_1_231' title='bbox 811 1968 987 2038; x_wconf 78' lang='grc' dir='ltr'>ἄκρας</span> <span class='ocrx_word' id='word_1_232' title='bbox 1011 1970 1189 2040; x_wconf 87' lang='grc' dir='ltr'>(πόλει</span> <span class='ocrx_word' id='word_1_233' title='bbox 1207 1972 1319 2043; x_wconf 83' lang='grc' dir='ltr'><strong>γάρ</strong></span> <span class='ocrx_word' id='word_1_234' title='bbox 1335 1990 1443 2027; x_wconf 81' lang='grc' dir='ltr'>τινι</span> <span class='ocrx_word' id='word_1_235' title='bbox 1473 1974 1618 2029; x_wconf 76' lang='grc' dir='ltr'>ἔοικε</span> <span class='ocrx_word' id='word_1_236' title='bbox 1643 1982 1833 2050; x_wconf 80' lang='grc' dir='ltr'>μικρᾷ,</span> <span class='ocrx_word' id='word_1_237' title='bbox 1859 1982 1955 2032; x_wconf 67' lang='grc' dir='ltr'><strong>καλ⁸</strong></span> 
     </span>
    </p>
   </div>
   <div class='ocr_carea' id='block_1_37' title="bbox 366 2057 1953 2138">
    <p class='ocr_par' dir='ltr' id='par_1_37' title="bbox 366 2057 1953 2138">
     <span class='ocr_line' id='line_1_37' title="bbox 366 2057 1953 2138; baseline 0.009 -29"><span class='ocrx_word' id='word_1_238' title='bbox 366 2057 656 2128; x_wconf 75' lang='grc' dir='ltr'>οἰκήτορας</span> <span class='ocrx_word' id='word_1_239' title='bbox 692 2059 859 2122; x_wconf 88' lang='grc' dir='ltr'>ἰδίους</span> <span class='ocrx_word' id='word_1_240' title='bbox 884 2061 1023 2132; x_wconf 72' lang='grc' dir='ltr'>ἔχει)</span> <span class='ocrx_word' id='word_1_241' title='bbox 1058 2061 1162 2115; x_wconf 79' lang='grc' dir='ltr'><strong>οὐκ</strong></span> <span class='ocrx_word' id='word_1_242' title='bbox 1209 2064 1341 2119; x_wconf 78' lang='grc' dir='ltr'>εἴων</span> <span class='ocrx_word' id='word_1_243' title='bbox 1369 2065 1777 2138; x_wconf 76' lang='grc' dir='ltr'>διαδιδράσκειν</span> <span class='ocrx_word' id='word_1_244' title='bbox 1814 2073 1953 2124; x_wconf 84' lang='grc' dir='ltr'>ἐπα-</span> 
     </span>
    </p>
   </div>
   <div class='ocr_carea' id='block_1_38' title="bbox 365 2149 1952 2229">
    <p class='ocr_par' dir='ltr' id='par_1_38' title="bbox 365 2149 1952 2229">
     <span class='ocr_line' id='line_1_38' title="bbox 365 2149 1952 2229; baseline 0.016 -38"><span class='ocrx_word' id='word_1_245' title='bbox 365 2149 645 2216; x_wconf 79' lang='grc' dir='ltr'>γαγόντας</span> <span class='ocrx_word' id='word_1_246' title='bbox 689 2151 878 2215; x_wconf 82' lang='grc' dir='ltr'>αὐτοῖς</span> <span class='ocrx_word' id='word_1_247' title='bbox 922 2153 1016 2204; x_wconf 80' lang='grc' dir='ltr'>τὸν</span> <span class='ocrx_word' id='word_1_248' title='bbox 1054 2153 1254 2224; x_wconf 84' lang='grc' dir='ltr'>δῆμον,</span> <span class='ocrx_word' id='word_1_249' title='bbox 1309 2155 1426 2208; x_wconf 84' lang='grc' dir='ltr'>ἀλλ’</span> <span class='ocrx_word' id='word_1_250' title='bbox 1464 2157 1614 2211; x_wconf 87' lang='grc' dir='ltr'>ἐνδον</span> <span class='ocrx_word' id='word_1_251' title='bbox 1666 2162 1952 2229; x_wconf 75' lang='grc' dir='ltr'>μένοντας,</span> 
     </span>
    </p>
   </div>
   <div class='ocr_carea' id='block_1_39' title="bbox 328 2242 1957 2321">
    <p class='ocr_par' dir='ltr' id='par_1_39' title="bbox 328 2242 1957 2321">
     <span class='ocr_line' id='line_1_39' title="bbox 328 2242 1957 2321; baseline 0.009 -27"><span class='ocrx_word' id='word_1_252' title='bbox 328 2253 332 2256; x_wconf 75' lang='grc'><em>’</em></span> <span class='ocrx_word' id='word_1_253' title='bbox 367 2242 675 2312; x_wconf 84' lang='grc' dir='ltr'>ἀμύνεσθαι</span> <span class='ocrx_word' id='word_1_254' title='bbox 701 2246 829 2309; x_wconf 79' lang='grc' dir='ltr'>τοὺς</span> <span class='ocrx_word' id='word_1_255' title='bbox 850 2245 1108 2310; x_wconf 75' lang='grc' dir='ltr'><strong>ἐπιόντας</strong></span> <span class='ocrx_word' id='word_1_256' title='bbox 1138 2249 1260 2318; x_wconf 82' lang='grc' dir='ltr'>μετ’</span> <span class='ocrx_word' id='word_1_257' title='bbox 1286 2250 1488 2305; x_wconf 83' lang='grc' dir='ltr'>αὐτῶν.</span> <span class='ocrx_word' id='word_1_258' title='bbox 1510 2253 1600 2305; x_wconf 81' lang='grc' dir='ltr'>Ἐν</span> <span class='ocrx_word' id='word_1_259' title='bbox 1629 2246 1674 2321; x_wconf 83' lang='grc' dir='ltr'><strong>ᾧ</strong></span> <span class='ocrx_word' id='word_1_260' title='bbox 1698 2254 1753 2306; x_wconf 83' lang='grc' dir='ltr'><strong>δε</strong></span> <span class='ocrx_word' id='word_1_261' title='bbox 1784 2257 1957 2309; x_wconf 74' lang='grc' dir='ltr'>ταῦτα</span> 
     </span>
    </p>
   </div>
   <div class='ocr_carea' id='block_1_40' title="bbox 369 2335 1953 2417">
    <p class='ocr_par' dir='ltr' id='par_1_40' title="bbox 369 2335 1953 2417">
     <span class='ocr_line' id='line_1_40' title="bbox 369 2335 1953 2417; baseline 0.009 -31"><span class='ocrx_word' id='word_1_262' title='bbox 369 2335 627 2400; x_wconf 75' lang='grc' dir='ltr'>ἐτελεῖτο,</span> <span class='ocrx_word' id='word_1_263' title='bbox 651 2337 681 2389; x_wconf 85' lang='grc' dir='ltr'>ὀ</span> <span class='ocrx_word' id='word_1_264' title='bbox 706 2335 879 2406; x_wconf 80' lang='grc' dir='ltr'>δῆμος</span> <span class='ocrx_word' id='word_1_265' title='bbox 907 2337 1020 2408; x_wconf 84' lang='grc' dir='ltr'>πῦρ</span> <span class='ocrx_word' id='word_1_266' title='bbox 1044 2338 1260 2395; x_wconf 76' lang='grc' dir='ltr'>ἐνίεσαν</span> <span class='ocrx_word' id='word_1_267' title='bbox 1284 2344 1407 2406; x_wconf 86' lang='grc' dir='ltr'>ταῖς</span> <span class='ocrx_word' id='word_1_268' title='bbox 1427 2343 1624 2407; x_wconf 79' lang='grc' dir='ltr'>πύλαις</span> <span class='ocrx_word' id='word_1_269' title='bbox 1647 2343 1746 2415; x_wconf 80' lang='grc' dir='ltr'><strong>τῆς</strong></span> <span class='ocrx_word' id='word_1_270' title='bbox 1777 2348 1953 2417; x_wconf 76' lang='grc' dir='ltr'>ἄκρας</span> 
     </span>
    </p>
   </div>
   <div class='ocr_carea' id='block_1_41' title="bbox 365 2427 1955 2509">
    <p class='ocr_par' dir='ltr' id='par_1_41' title="bbox 365 2427 1955 2509">
     <span class='ocr_line' id='line_1_41' title="bbox 365 2427 1955 2509; baseline 0.009 -29"><span class='ocrx_word' id='word_1_271' title='bbox 365 2428 489 2491; x_wconf 82' lang='grc' dir='ltr'>ταῖς</span> <span class='ocrx_word' id='word_1_272' title='bbox 505 2427 640 2499; x_wconf 72' lang='grc' dir='ltr'>πρὸς</span> <span class='ocrx_word' id='word_1_273' title='bbox 664 2432 734 2500; x_wconf 80' lang='grc' dir='ltr'>τῇ</span> <span class='ocrx_word' id='word_1_274' title='bbox 764 2430 1082 2494; x_wconf 74' lang='grc' dir='ltr'>πόλει,ἐπεὶ</span> <span class='ocrx_word' id='word_1_275' title='bbox 1113 2433 1305 2504; x_wconf 79' lang='grc' dir='ltr'>μηδεὶς</span> <span class='ocrx_word' id='word_1_276' title='bbox 1327 2435 1588 2505; x_wconf 81' lang='grc' dir='ltr'>ἠμύνετο.</span> <span class='ocrx_word' id='word_1_277' title='bbox 1618 2439 1955 2509; x_wconf 66' lang='grc' dir='ltr'>Στρατῇγιος</span> 
     </span>
    </p>
   </div>
   <div class='ocr_carea' id='block_1_42' title="bbox 358 2521 1956 2604">
    <p class='ocr_par' dir='ltr' id='par_1_42' title="bbox 358 2521 1956 2604">
     <span class='ocr_line' id='line_1_42' title="bbox 358 2521 1956 2604; baseline 0.011 -32"><span class='ocrx_word' id='word_1_278' title='bbox 358 2521 430 2589; x_wconf 21' lang='grc' dir='ltr'>,δὲ</span> <span class='ocrx_word' id='word_1_279' title='bbox 461 2521 572 2575; x_wconf 83' lang='grc' dir='ltr'>6τά</span> <span class='ocrx_word' id='word_1_280' title='bbox 605 2521 832 2594; x_wconf 82' lang='grc' dir='ltr'>κλεῖθρα</span> <span class='ocrx_word' id='word_1_281' title='bbox 857 2523 996 2593; x_wconf 81' lang='grc' dir='ltr'>ἔχων</span> <span class='ocrx_word' id='word_1_282' title='bbox 1021 2540 1034 2554; x_wconf 73' lang='grc' dir='ltr'><strong>ο</strong></span> <span class='ocrx_word' id='word_1_283' title='bbox 1073 2524 1216 2577; x_wconf 80' lang='grc' dir='ltr'>οὕτω</span> <span class='ocrx_word' id='word_1_284' title='bbox 1249 2527 1358 2596; x_wconf 76' lang='grc' dir='ltr'>γὰρ</span> <span class='ocrx_word' id='word_1_285' title='bbox 1384 2527 1697 2599; x_wconf 67' lang='grc' dir='ltr'>ώνόμάστοῗ</span> <span class='ocrx_word' id='word_1_286' title='bbox 1738 2533 1956 2604; x_wconf 78' lang='grc' dir='ltr'><strong>ἧ·ιο;γ.ν</strong></span> 
     </span>
    </p>
   </div>
   <div class='ocr_carea' id='block_1_43' title="bbox 373 2612 1958 2697">
    <p class='ocr_par' dir='ltr' id='par_1_43' title="bbox 373 2612 1958 2697">
     <span class='ocr_line' id='line_1_43' title="bbox 373 2612 1958 2697; baseline 0.011 -32"><span class='ocrx_word' id='word_1_287' title='bbox 373 2612 566 2680; x_wconf 81' lang='grc' dir='ltr'>ἐλθὼν,</span> <span class='ocrx_word' id='word_1_288' title='bbox 603 2616 698 2669; x_wconf 81' lang='grc' dir='ltr'><strong>καί</strong></span> <span class='ocrx_word' id='word_1_289' title='bbox 733 2618 761 2668; x_wconf 87' lang='grc' dir='ltr'><strong>ό</strong></span> <span class='ocrx_word' id='word_1_290' title='bbox 802 2617 974 2687; x_wconf 78' lang='grc' dir='ltr'>δῆμος</span> <span class='ocrx_word' id='word_1_291' title='bbox 1004 2617 1271 2688; x_wconf 82' lang='grc' dir='ltr'>εἰσεχεῖτο</span> <span class='ocrx_word' id='word_1_292' title='bbox 1292 2635 1307 2651; x_wconf 75' lang='grc' dir='ltr'><strong>ο</strong></span> <span class='ocrx_word' id='word_1_293' title='bbox 1339 2622 1433 2674; x_wconf 78' lang='grc' dir='ltr'>καὶ</span> <span class='ocrx_word' id='word_1_294' title='bbox 1460 2624 1658 2677; x_wconf 79' lang='grc' dir='ltr'>αὐτίκα</span> <span class='ocrx_word' id='word_1_295' title='bbox 1687 2626 1787 2697; x_wconf 85' lang='grc' dir='ltr'><strong>μὲν</strong></span> <span class='ocrx_word' id='word_1_296' title='bbox 1820 2630 1958 2697; x_wconf 69' lang='grc' dir='ltr'>πρὶς</span> 
     </span>
    </p>
   </div>
   <div class='ocr_carea' id='block_1_44' title="bbox 371 2706 1958 2786">
    <p class='ocr_par' dir='ltr' id='par_1_44' title="bbox 371 2706 1958 2786">
     <span class='ocr_line' id='line_1_44' title="bbox 371 2706 1958 2786; baseline 0.011 -28"><span class='ocrx_word' id='word_1_297' title='bbox 371 2710 493 2770; x_wconf 84' lang='grc' dir='ltr'>ταῖς</span> <span class='ocrx_word' id='word_1_298' title='bbox 524 2706 723 2772; x_wconf 81' lang='grc' dir='ltr'>πύλαις</span> <span class='ocrx_word' id='word_1_299' title='bbox 765 2709 859 2764; x_wconf 89' lang='grc' dir='ltr'><strong>δύο</strong></span> <span class='ocrx_word' id='word_1_300' title='bbox 899 2712 1007 2764; x_wconf 61' lang='grc' dir='ltr'><strong>τών</strong></span> <span class='ocrx_word' id='word_1_301' title='bbox 1057 2711 1294 2768; x_wconf 81' lang='grc' dir='ltr'>πολιτῶν</span> <span class='ocrx_word' id='word_1_302' title='bbox 1352 2716 1678 2786; x_wconf 71' lang='grc' dir='ltr'>ἀπέσφαξαν</span> <span class='ocrx_word' id='word_1_303' title='bbox 1705 2737 1719 2753; x_wconf 79' lang='grc' dir='ltr'><strong>ο</strong></span> <span class='ocrx_word' id='word_1_304' title='bbox 1762 2719 1958 2776; x_wconf 76' lang='grc' dir='ltr'>ἔπειτα</span> 
     </span>
    </p>
   </div>
   <div class='ocr_carea' id='block_1_45' title="bbox 376 2799 1953 2872">
    <p class='ocr_par' dir='ltr' id='par_1_45' title="bbox 376 2799 1953 2872">
     <span class='ocr_line' id='line_1_45' title="bbox 376 2799 1953 2872; baseline 0.011 -21"><span class='ocrx_word' id='word_1_305' title='bbox 376 2799 516 2868; x_wconf 66' lang='grc' dir='ltr'>πρὸς</span> <span class='ocrx_word' id='word_1_306' title='bbox 571 2800 829 2872; x_wconf 78' lang='grc' dir='ltr'>ἁρπαγὴν</span> <span class='ocrx_word' id='word_1_307' title='bbox 882 2803 1187 2872; x_wconf 74' lang='grc' dir='ltr'>ἐτράποντο</span> <span class='ocrx_word' id='word_1_308' title='bbox 1234 2807 1418 2860; x_wconf 83' lang='grc' dir='ltr'>ὃπλων</span> <span class='ocrx_word' id='word_1_309' title='bbox 1474 2826 1533 2861; x_wconf 87' lang='grc' dir='ltr'><strong>τε</strong></span> <span class='ocrx_word' id='word_1_310' title='bbox 1595 2813 1687 2864; x_wconf 72' lang='grc' dir='ltr'>καὶ</span> <span class='ocrx_word' id='word_1_311' title='bbox 1747 2814 1953 2869; x_wconf 76' lang='grc' dir='ltr'>ἵππων.</span> 
     </span>
    </p>
   </div>
   <div class='ocr_carea' id='block_1_46' title="bbox 385 2888 1954 2971">
    <p class='ocr_par' dir='ltr' id='par_1_46' title="bbox 385 2888 1954 2971">
     <span class='ocr_line' id='line_1_46' title="bbox 385 2888 1954 2971; baseline 0.009 -29"><span class='ocrx_word' id='word_1_312' title='bbox 385 2888 730 2961; x_wconf 77' lang='grc' dir='ltr'>’Δπόκαυχος</span> <span class='ocrx_word' id='word_1_313' title='bbox 766 2894 876 2963; x_wconf 69' lang='grc' dir='ltr'><strong>γὰρ</strong></span> <span class='ocrx_word' id='word_1_314' title='bbox 907 2894 1003 2947; x_wconf 79' lang='grc' dir='ltr'><strong>καί</strong></span> <span class='ocrx_word' id='word_1_315' title='bbox 1031 2895 1081 2946; x_wconf 91' lang='grc' dir='ltr'><strong>οἰ</strong></span> <span class='ocrx_word' id='word_1_316' title='bbox 1111 2895 1286 2959; x_wconf 71' lang='grc' dir='ltr'>ἄλλοι,</span> <span class='ocrx_word' id='word_1_317' title='bbox 1319 2899 1400 2950; x_wconf 78' lang='grc' dir='ltr'><strong>ὅτι</strong></span> <span class='ocrx_word' id='word_1_318' title='bbox 1444 2899 1694 2953; x_wconf 76' lang='grc' dir='ltr'>ἑάλωσαν</span> <span class='ocrx_word' id='word_1_319' title='bbox 1728 2902 1954 2971; x_wconf 80' lang='grc' dir='ltr'>ἰδόντες,</span> 
     </span>
    </p>
   </div>
   <div class='ocr_carea' id='block_1_47' title="bbox 376 2979 1957 3057">
    <p class='ocr_par' dir='ltr' id='par_1_47' title="bbox 376 2979 1957 3057">
     <span class='ocr_line' id='line_1_47' title="bbox 376 2979 1957 3057; baseline 0.011 -25"><span class='ocrx_word' id='word_1_320' title='bbox 376 2981 500 3034; x_wconf 76' lang='grc' dir='ltr'>ἐπεὶ</span> <span class='ocrx_word' id='word_1_321' title='bbox 533 2983 617 3051; x_wconf 33' lang='grc' dir='ltr'><strong>,μὴ</strong></span> <span class='ocrx_word' id='word_1_322' title='bbox 651 2983 876 3051; x_wconf 70' lang='grc' dir='ltr'>φεύγειν</span> <span class='ocrx_word' id='word_1_323' title='bbox 901 2979 993 3055; x_wconf 79' lang='grc' dir='ltr'>ἦν,</span> <span class='ocrx_word' id='word_1_324' title='bbox 1046 2986 1157 3043; x_wconf 82' lang='grc' dir='ltr'><strong>τῶν</strong></span> <span class='ocrx_word' id='word_1_325' title='bbox 1197 2987 1384 3041; x_wconf 77' lang='grc' dir='ltr'>ἵππων</span> <span class='ocrx_word' id='word_1_326' title='bbox 1419 2990 1811 3057; x_wconf 69' lang='grc' dir='ltr'>ἀποϐαίνοντας</span> <span class='ocrx_word' id='word_1_327' title='bbox 1861 2998 1957 3049; x_wconf 74' lang='grc' dir='ltr'><strong>καὶ</strong></span> 
     </span>
    </p>
   </div>
   <div class='ocr_carea' id='block_1_48' title="bbox 377 3074 2013 3149">
    <p class='ocr_par' dir='ltr' id='par_1_48' title="bbox 377 3074 2013 3149">
     <span class='ocr_line' id='line_1_48' title="bbox 377 3074 2013 3149; baseline 0.009 -24"><span class='ocrx_word' id='word_1_328' title='bbox 377 3074 735 3145; x_wconf 76' lang='grc' dir='ltr'>ἀποδυόμενοι</span> <span class='ocrx_word' id='word_1_329' title='bbox 770 3077 837 3130; x_wconf 84' lang='grc' dir='ltr'><strong>τά</strong></span> <span class='ocrx_word' id='word_1_330' title='bbox 887 3077 1027 3131; x_wconf 77' lang='grc' dir='ltr'>ὅπλα</span> <span class='ocrx_word' id='word_1_331' title='bbox 1063 3079 1513 3149; x_wconf 85' lang='grc' dir='ltr'>κατεκρύπτοντο</span> <span class='ocrx_word' id='word_1_332' title='bbox 1536 3124 1550 3147; x_wconf 93' lang='grc'><strong>,</strong></span> <span class='ocrx_word' id='word_1_333' title='bbox 1589 3082 1879 3140; x_wconf 83' lang='grc' dir='ltr'>ἐλάνθανον</span> <span class='ocrx_word' id='word_1_334' title='bbox 1902 3086 1960 3139; x_wconf 77' lang='grc' dir='ltr'>δὲ</span> <span class='ocrx_word' id='word_1_335' title='bbox 2008 3112 2013 3119; x_wconf 83' lang='grc'><strong>-</strong></span> 
     </span>
    </p>
   </div>
   <div class='ocr_carea' id='block_1_49' title="bbox 377 3165 1960 3249">
    <p class='ocr_par' dir='ltr' id='par_1_49' title="bbox 377 3165 1960 3249">
     <span class='ocr_line' id='line_1_49' title="bbox 377 3165 1960 3249; baseline 0.01 -33"><span class='ocrx_word' id='word_1_336' title='bbox 377 3165 576 3234; x_wconf 80' lang='grc' dir='ltr'>ὀλίγοι,</span> <span class='ocrx_word' id='word_1_337' title='bbox 606 3168 731 3230; x_wconf 84' lang='grc' dir='ltr'>τοὺς</span> <span class='ocrx_word' id='word_1_338' title='bbox 764 3167 986 3232; x_wconf 86' lang='grc' dir='ltr'>πλείους</span> <span class='ocrx_word' id='word_1_339' title='bbox 1018 3169 1076 3222; x_wconf 82' lang='grc' dir='ltr'>δὲ</span> <span class='ocrx_word' id='word_1_340' title='bbox 1105 3170 1436 3235; x_wconf 79' lang='grc' dir='ltr'>ἀποδύοντες</span> <span class='ocrx_word' id='word_1_341' title='bbox 1466 3175 1792 3230; x_wconf 79' lang='grc' dir='ltr'>κατέλειπον</span> <span class='ocrx_word' id='word_1_342' title='bbox 1817 3195 1960 3249; x_wconf 88' lang='grc' dir='ltr'>γυμ-</span> 
     </span>
    </p>
   </div>
   <div class='ocr_carea' id='block_1_50' title="bbox 378 3258 1964 3338">
    <p class='ocr_par' dir='ltr' id='par_1_50' title="bbox 378 3258 1964 3338">
     <span class='ocr_line' id='line_1_50' title="bbox 378 3258 1964 3338; baseline 0.009 -27"><span class='ocrx_word' id='word_1_343' title='bbox 378 3258 524 3323; x_wconf 85' lang='grc' dir='ltr'>νούς.</span> <span class='ocrx_word' id='word_1_344' title='bbox 554 3261 828 3325; x_wconf 77' lang='grc' dir='ltr'>Κωκαλᾶς</span> <span class='ocrx_word' id='word_1_345' title='bbox 861 3262 921 3314; x_wconf 76' lang='grc' dir='ltr'>δὲ</span> <span class='ocrx_word' id='word_1_346' title='bbox 986 3263 1083 3316; x_wconf 75' lang='grc' dir='ltr'><strong>καὶ</strong></span> <span class='ocrx_word' id='word_1_347' title='bbox 1133 3262 1496 3331; x_wconf 81' lang='grc' dir='ltr'>Παλαιολόγος</span> <span class='ocrx_word' id='word_1_348' title='bbox 1551 3270 1964 3338; x_wconf 81' lang='grc' dir='ltr'>περιεποιοῦντο</span> 
     </span>
    </p>
   </div>
   <div class='ocr_carea' id='block_1_51' title="bbox 378 3348 1961 3431">
    <p class='ocr_par' dir='ltr' id='par_1_51' title="bbox 378 3348 1961 3431">
     <span class='ocr_line' id='line_1_51' title="bbox 378 3348 1961 3431; baseline 0.011 -32"><span class='ocrx_word' id='word_1_349' title='bbox 378 3349 507 3412; x_wconf 83' lang='grc' dir='ltr'>τοὺς</span> <span class='ocrx_word' id='word_1_350' title='bbox 543 3348 910 3421; x_wconf 80' lang='grc' dir='ltr'>στρατιώτας,</span> <span class='ocrx_word' id='word_1_351' title='bbox 943 3354 1039 3407; x_wconf 87' lang='grc' dir='ltr'><strong>καί</strong></span> <span class='ocrx_word' id='word_1_352' title='bbox 1071 3353 1327 3407; x_wconf 84' lang='grc' dir='ltr'>ἐκέλευον</span> <span class='ocrx_word' id='word_1_353' title='bbox 1382 3355 1460 3426; x_wconf 81' lang='grc' dir='ltr'>μὴ</span> <span class='ocrx_word' id='word_1_354' title='bbox 1504 3356 1798 3413; x_wconf 79' lang='grc' dir='ltr'>ἀποδύειν·</span> <span class='ocrx_word' id='word_1_355' title='bbox 1839 3359 1961 3431; x_wconf 82' lang='grc' dir='ltr'><strong>ἀμα</strong></span> 
     </span>
    </p>
   </div>
   <div class='ocr_carea' id='block_1_52' title="bbox 379 3439 1959 3524">
    <p class='ocr_par' dir='ltr' id='par_1_52' title="bbox 379 3439 1959 3524">
     <span class='ocr_line' id='line_1_52' title="bbox 379 3439 1959 3524; baseline 0.009 -32"><span class='ocrx_word' id='word_1_356' title='bbox 379 3439 437 3492; x_wconf 80' lang='grc' dir='ltr'>δὲ</span> <span class='ocrx_word' id='word_1_357' title='bbox 467 3442 562 3494; x_wconf 78' lang='grc' dir='ltr'><strong>καὶ</strong></span> <span class='ocrx_word' id='word_1_358' title='bbox 594 3443 719 3508; x_wconf 81' lang='grc' dir='ltr'>τοὺς</span> <span class='ocrx_word' id='word_1_359' title='bbox 736 3444 941 3507; x_wconf 81' lang='grc' dir='ltr'>ἵππους</span> <span class='ocrx_word' id='word_1_360' title='bbox 968 3444 1336 3516; x_wconf 80' lang='grc' dir='ltr'>εὑρίσκοντες,</span> <span class='ocrx_word' id='word_1_361' title='bbox 1366 3447 1688 3519; x_wconf 80' lang='grc' dir='ltr'>παρείχοντο</span> <span class='ocrx_word' id='word_1_362' title='bbox 1718 3451 1959 3524; x_wconf 70' lang='grc' dir='ltr'>ἑκάστῳ,</span> 
     </span>
    </p>
   </div>
   <div class='ocr_carea' id='block_1_53' title="bbox 379 3530 2025 3610">
    <p class='ocr_par' dir='ltr' id='par_1_53' title="bbox 379 3530 2025 3610">
     <span class='ocr_line' id='line_1_53' title="bbox 379 3530 2025 3610; baseline 0.008 -27"><span class='ocrx_word' id='word_1_363' title='bbox 379 3530 737 3603; x_wconf 71' lang='grc' dir='ltr'>ἀμειϐόμενοι</span> <span class='ocrx_word' id='word_1_364' title='bbox 764 3536 867 3604; x_wconf 80' lang='grc' dir='ltr'>τῆς</span> <span class='ocrx_word' id='word_1_365' title='bbox 919 3536 1233 3607; x_wconf 79' lang='grc' dir='ltr'>προδοσίας,</span> <span class='ocrx_word' id='word_1_366' title='bbox 1294 3538 1411 3608; x_wconf 77' lang='grc' dir='ltr'>ἅμα</span> <span class='ocrx_word' id='word_1_367' title='bbox 1438 3538 1484 3591; x_wconf 64' lang='grc' dir='ltr'>δῗ</span> <span class='ocrx_word' id='word_1_368' title='bbox 1512 3540 1597 3592; x_wconf 85' lang='grc' dir='ltr'>ὅτι</span> <span class='ocrx_word' id='word_1_369' title='bbox 1627 3542 1725 3595; x_wconf 68' lang='grc' dir='ltr'><strong>καὶ</strong></span> <span class='ocrx_word' id='word_1_370' title='bbox 1765 3542 1963 3610; x_wconf 81' lang='grc' dir='ltr'>ὅρκους</span> <span class='ocrx_word' id='word_1_371' title='bbox 2018 3548 2025 3557; x_wconf 81' lang='lat'>‘</span> 
     </span>
    </p>
   </div>
   <div class='ocr_carea' id='block_1_54' title="bbox 380 3624 1967 3699">
    <p class='ocr_par' dir='ltr' id='par_1_54' title="bbox 380 3624 1967 3699">
     <span class='ocr_line' id='line_1_54' title="bbox 380 3624 1967 3699; baseline 0.006 -22"><span class='ocrx_word' id='word_1_372' title='bbox 380 3624 568 3695; x_wconf 72' lang='grc' dir='ltr'>αὐτοῖς</span> <span class='ocrx_word' id='word_1_373' title='bbox 599 3626 868 3696; x_wconf 79' lang='grc' dir='ltr'>πρότερον</span> <span class='ocrx_word' id='word_1_374' title='bbox 891 3629 1241 3699; x_wconf 87' lang='grc' dir='ltr'>παρείχοντο,</span> <span class='ocrx_word' id='word_1_375' title='bbox 1269 3629 1345 3691; x_wconf 85' lang='grc' dir='ltr'>ὡς</span> <span class='ocrx_word' id='word_1_376' title='bbox 1374 3629 1530 3683; x_wconf 78' lang='grc' dir='ltr'>οὐδὲν</span> <span class='ocrx_word' id='word_1_377' title='bbox 1554 3632 1837 3686; x_wconf 85' lang='grc' dir='ltr'>πείσονται</span> <span class='ocrx_word' id='word_1_378' title='bbox 1856 3633 1967 3687; x_wconf 79' lang='grc' dir='ltr'>δει-</span> 
     </span>
    </p>
   </div>
   <div class='ocr_carea' id='block_1_55' title="bbox 381 3715 1964 3792">
    <p class='ocr_par' dir='ltr' id='par_1_55' title="bbox 381 3715 1964 3792">
     <span class='ocr_line' id='line_1_55' title="bbox 381 3715 1964 3792; baseline 0.006 -22"><span class='ocrx_word' id='word_1_379' title='bbox 381 3715 472 3776; x_wconf 72' lang='grc' dir='ltr'>νὺν</span> <span class='ocrx_word' id='word_1_380' title='bbox 501 3716 569 3771; x_wconf 82' lang='grc' dir='ltr'><strong>ἂν</strong></span> <span class='ocrx_word' id='word_1_381' title='bbox 597 3717 725 3780; x_wconf 77' lang='grc' dir='ltr'>τοὺς</span> <span class='ocrx_word' id='word_1_382' title='bbox 775 3719 970 3783; x_wconf 80' lang='grc' dir='ltr'>ἄλλους</span> <span class='ocrx_word' id='word_1_383' title='bbox 1021 3720 1373 3789; x_wconf 85' lang='grc' dir='ltr'>προδιδῶσιν.</span> <span class='ocrx_word' id='word_1_384' title='bbox 1423 3720 1581 3775; x_wconf 79' lang='grc' dir='ltr'>Οὕτω</span> <span class='ocrx_word' id='word_1_385' title='bbox 1632 3722 1733 3792; x_wconf 74' lang='grc' dir='ltr'>μὲν</span> <span class='ocrx_word' id='word_1_386' title='bbox 1764 3724 1859 3778; x_wconf 80' lang='grc' dir='ltr'><strong>οὖν</strong></span> <span class='ocrx_word' id='word_1_387' title='bbox 1901 3725 1964 3779; x_wconf 79' lang='grc' dir='ltr'>τὺ</span> 
     </span>
    </p>
   </div>
   <div class='ocr_carea' id='block_1_56' title="bbox 384 3809 1964 3887">
    <p class='ocr_par' dir='ltr' id='par_1_56' title="bbox 384 3809 1964 3887">
     <span class='ocr_line' id='line_1_56' title="bbox 384 3809 1964 3887; baseline 0.006 -26"><span class='ocrx_word' id='word_1_388' title='bbox 384 3809 845 3880; x_wconf 78' lang='grc' dir='ltr'>Καντακουζηνοῦ</span> <span class='ocrx_word' id='word_1_389' title='bbox 895 3809 992 3864; x_wconf 80' lang='grc' dir='ltr'><strong>τοῦ</strong></span> <span class='ocrx_word' id='word_1_390' title='bbox 1042 3810 1310 3881; x_wconf 86' lang='grc' dir='ltr'>βασιλέως</span> <span class='ocrx_word' id='word_1_391' title='bbox 1342 3812 1512 3882; x_wconf 85' lang='grc' dir='ltr'>μέρος</span> <span class='ocrx_word' id='word_1_392' title='bbox 1562 3815 1824 3887; x_wconf 82' lang='grc' dir='ltr'>προδοθέν</span> <span class='ocrx_word' id='word_1_393' title='bbox 1856 3817 1964 3872; x_wconf 76' lang='grc' dir='ltr'>ὑπὸ</span> 
     </span>
    </p>
   </div>
   <div class='ocr_carea' id='block_1_57' title="bbox 382 3898 1964 3975">
    <p class='ocr_par' dir='ltr' id='par_1_57' title="bbox 382 3898 1964 3975">
     <span class='ocr_line' id='line_1_57' title="bbox 382 3898 1964 3975; baseline 0.007 -23"><span class='ocrx_word' id='word_1_394' title='bbox 382 3904 482 3970; x_wconf 81' lang='grc' dir='ltr'>τῆς</span> <span class='ocrx_word' id='word_1_395' title='bbox 515 3903 798 3971; x_wconf 85' lang='grc' dir='ltr'>στρατιᾶς,</span> <span class='ocrx_word' id='word_1_396' title='bbox 831 3898 1035 3972; x_wconf 76' lang='grc' dir='ltr'>ἡττᾶτο</span> <span class='ocrx_word' id='word_1_397' title='bbox 1063 3902 1207 3958; x_wconf 84' lang='grc' dir='ltr'><strong>κατά</strong></span> <span class='ocrx_word' id='word_1_398' title='bbox 1242 3905 1467 3975; x_wconf 84' lang='grc' dir='ltr'>κράτος.</span> <span class='ocrx_word' id='word_1_399' title='bbox 1496 3907 1770 3972; x_wconf 79' lang='grc' dir='ltr'>Κωκαλᾶς</span> <span class='ocrx_word' id='word_1_400' title='bbox 1784 3908 1842 3962; x_wconf 80' lang='grc' dir='ltr'>δὲ</span> <span class='ocrx_word' id='word_1_401' title='bbox 1867 3910 1964 3963; x_wconf 79' lang='grc' dir='ltr'><strong>καί</strong></span> 
     </span>
    </p>
   </div>
   <div class='ocr_carea' id='block_1_58' title="bbox 387 3993 1963 4070">
    <p class='ocr_par' dir='ltr' id='par_1_58' title="bbox 387 3993 1963 4070">
     <span class='ocr_line' id='line_1_58' title="bbox 387 3993 1963 4070; baseline 0.006 -24"><span class='ocrx_word' id='word_1_402' title='bbox 387 3993 750 4062; x_wconf 85' lang='grc' dir='ltr'>Παλαιολόγος</span> <span class='ocrx_word' id='word_1_403' title='bbox 798 3993 905 4066; x_wconf 35' lang='grc' dir='ltr'>τὸν,</span> <span class='ocrx_word' id='word_1_404' title='bbox 943 3994 1046 4067; x_wconf 82' lang='grc' dir='ltr'>μὲν</span> <span class='ocrx_word' id='word_1_405' title='bbox 1075 3994 1247 4066; x_wconf 85' lang='grc' dir='ltr'>δῆμον</span> <span class='ocrx_word' id='word_1_406' title='bbox 1297 3995 1589 4068; x_wconf 82' lang='grc' dir='ltr'>ἐξήλαυνον</span> <span class='ocrx_word' id='word_1_407' title='bbox 1613 3998 1713 4068; x_wconf 77' lang='grc' dir='ltr'>τῆς</span> <span class='ocrx_word' id='word_1_408' title='bbox 1749 4001 1963 4070; x_wconf 75' lang='grc' dir='ltr'>ἄκρας’</span> 
     </span>
    </p>
   </div>
   <div class='ocr_carea' id='block_1_59' title="bbox 385 4086 1966 4165">
    <p class='ocr_par' dir='ltr' id='par_1_59' title="bbox 385 4086 1966 4165">
     <span class='ocr_line' id='line_1_59' title="bbox 385 4086 1966 4165; baseline 0.008 -25"><span class='ocrx_word' id='word_1_409' title='bbox 385 4087 486 4160; x_wconf 74' lang='grc' dir='ltr'>ἥδη</span> <span class='ocrx_word' id='word_1_410' title='bbox 518 4090 629 4158; x_wconf 77' lang='grc' dir='ltr'>γὰρ</span> <span class='ocrx_word' id='word_1_411' title='bbox 654 4092 957 4163; x_wconf 75' lang='grc' dir='ltr'>διήρπαζον</span> <span class='ocrx_word' id='word_1_412' title='bbox 1003 4094 1095 4146; x_wconf 80' lang='grc' dir='ltr'>καὶ</span> <span class='ocrx_word' id='word_1_413' title='bbox 1138 4093 1206 4147; x_wconf 76' lang='grc' dir='ltr'>τὰ</span> <span class='ocrx_word' id='word_1_414' title='bbox 1231 4094 1339 4148; x_wconf 85' lang='grc' dir='ltr'>τῶν</span> <span class='ocrx_word' id='word_1_415' title='bbox 1364 4095 1671 4165; x_wconf 83' lang='grc' dir='ltr'>ἐγχωρίων·</span> <span class='ocrx_word' id='word_1_416' title='bbox 1707 4086 1863 4151; x_wconf 76' lang='grc' dir='ltr'>αὐτοὶ</span> <span class='ocrx_word' id='word_1_417' title='bbox 1905 4097 1966 4153; x_wconf 79' lang='grc' dir='ltr'>δὲ</span> 
     </span>
    </p>
   </div>
   <div class='ocr_carea' id='block_1_60' title="bbox 386 4184 1959 4261">
    <p class='ocr_par' dir='ltr' id='par_1_60' title="bbox 386 4184 1959 4261">
     <span class='ocr_line' id='line_1_60' title="bbox 386 4184 1959 4261; baseline 0.007 -27"><span class='ocrx_word' id='word_1_418' title='bbox 386 4184 804 4254; x_wconf 81' lang='grc' dir='ltr'>περιμείναντες</span> <span class='ocrx_word' id='word_1_419' title='bbox 858 4185 987 4258; x_wconf 84' lang='grc' dir='ltr'>ἀχρι</span> <span class='ocrx_word' id='word_1_420' title='bbox 1034 4188 1251 4253; x_wconf 86' lang='grc' dir='ltr'>νυκτὸς,</span> <span class='ocrx_word' id='word_1_421' title='bbox 1304 4187 1432 4251; x_wconf 83' lang='grc' dir='ltr'>τοὺς</span> <span class='ocrx_word' id='word_1_422' title='bbox 1481 4190 1582 4257; x_wconf 77' lang='grc' dir='ltr'>μὲν</span> <span class='ocrx_word' id='word_1_423' title='bbox 1617 4191 1959 4261; x_wconf 86' lang='grc' dir='ltr'>στρατιώτας</span> 
     </span>
    </p>
   </div>
   <div class='ocr_carea' id='block_1_61' title="bbox 388 4274 1965 4352">
    <p class='ocr_par' dir='ltr' id='par_1_61' title="bbox 388 4274 1965 4352">
     <span class='ocr_line' id='line_1_61' title="bbox 388 4274 1965 4352; baseline 0.006 -25"><span class='ocrx_word' id='word_1_424' title='bbox 388 4274 595 4340; x_wconf 86' lang='grc' dir='ltr'>πάντας</span> <span class='ocrx_word' id='word_1_425' title='bbox 638 4277 823 4331; x_wconf 87' lang='grc' dir='ltr'>οίκαδε</span> <span class='ocrx_word' id='word_1_426' title='bbox 882 4279 1235 4348; x_wconf 84' lang='grc' dir='ltr'>ἀπέπεμπον,</span> <span class='ocrx_word' id='word_1_427' title='bbox 1289 4280 1383 4332; x_wconf 86' lang='grc' dir='ltr'><strong>καί</strong></span> <span class='ocrx_word' id='word_1_428' title='bbox 1445 4297 1600 4344; x_wconf 87' lang='grc' dir='ltr'>τινας</span> <span class='ocrx_word' id='word_1_429' title='bbox 1628 4280 1747 4334; x_wconf 75' lang='grc' dir='ltr'><strong>τῶν</strong></span> <span class='ocrx_word' id='word_1_430' title='bbox 1792 4282 1965 4352; x_wconf 85' lang='grc' dir='ltr'>φίλων</span> 
     </span>
    </p>
   </div>
   <div class='ocr_carea' id='block_1_62' title="bbox 386 4366 1967 4443">
    <p class='ocr_par' dir='ltr' id='par_1_62' title="bbox 386 4366 1967 4443">
     <span class='ocr_line' id='line_1_62' title="bbox 386 4366 1967 4443; baseline 0.005 -24"><span class='ocrx_word' id='word_1_431' title='bbox 386 4366 543 4420; x_wconf 60' lang='grc' dir='ltr'><strong>αὐτοὶ⁸</strong></span> <span class='ocrx_word' id='word_1_432' title='bbox 563 4368 839 4438; x_wconf 79' lang='grc' dir='ltr'>διέσωζον,</span> <span class='ocrx_word' id='word_1_433' title='bbox 874 4371 1213 4443; x_wconf 74' lang='grc' dir='ltr'>Ἀπόκανχον</span> <span class='ocrx_word' id='word_1_434' title='bbox 1235 4372 1295 4426; x_wconf 76' lang='grc' dir='ltr'>δὲ</span> <span class='ocrx_word' id='word_1_435' title='bbox 1327 4373 1426 4426; x_wconf 77' lang='grc' dir='ltr'>καὶ</span> <span class='ocrx_word' id='word_1_436' title='bbox 1453 4372 1563 4428; x_wconf 80' lang='grc' dir='ltr'>τῶν</span> <span class='ocrx_word' id='word_1_437' title='bbox 1589 4372 1826 4427; x_wconf 81' lang='grc' dir='ltr'>πολιτῶν</span> <span class='ocrx_word' id='word_1_438' title='bbox 1853 4374 1967 4427; x_wconf 74' lang='grc' dir='ltr'>όλίο</span> 
     </span>
    </p>
   </div>
   <div class='ocr_carea' id='block_1_63' title="bbox 347 4458 1965 4537">
    <p class='ocr_par' dir='ltr' id='par_1_63' title="bbox 347 4458 1965 4537">
     <span class='ocr_line' id='line_1_63' title="bbox 347 4458 1965 4537; baseline 0.006 -27"><span class='ocrx_word' id='word_1_439' title='bbox 347 4463 470 4528; x_wconf 70' lang='grc' dir='ltr'><strong>’γῳ</strong></span> <span class='ocrx_word' id='word_1_440' title='bbox 533 4458 791 4525; x_wconf 75' lang='grc' dir='ltr'>ἐλάσσους</span> <span class='ocrx_word' id='word_1_441' title='bbox 843 4462 1039 4527; x_wconf 84' lang='grc' dir='ltr'>ἐκατδν</span> <span class='ocrx_word' id='word_1_442' title='bbox 1082 4462 1442 4528; x_wconf 74' lang='grc' dir='ltr'>κατέκλεισαν</span> <span class='ocrx_word' id='word_1_443' title='bbox 1491 4464 1550 4517; x_wconf 86' lang='grc' dir='ltr'>ἐν</span> <span class='ocrx_word' id='word_1_444' title='bbox 1603 4464 1965 4537; x_wconf 84' lang='grc' dir='ltr'>δεσμωτηρίῳ</span> 
     </span>
    </p>
   </div>
   <div class='ocr_carea' id='block_1_64' title="bbox 2058 1986 3639 2060">
    <p class='ocr_par' dir='ltr' id='par_1_64' title="bbox 2058 1986 3639 2060">
     <span class='ocr_line' id='line_1_64' title="bbox 2058 1986 3639 2060; baseline -0.001 -16"><span class='ocrx_word' id='word_1_445' title='bbox 2058 1990 2126 2045; x_wconf 89' lang='lat' dir='ltr'><strong>ab</strong></span> <span class='ocrx_word' id='word_1_446' title='bbox 2158 1991 2404 2046; x_wconf 81' lang='lat' dir='ltr'><strong>hostibus</strong></span> <span class='ocrx_word' id='word_1_447' title='bbox 2429 1989 2718 2060; x_wconf 78' lang='lat' dir='ltr'><strong>deSpoliati</strong></span> <span class='ocrx_word' id='word_1_448' title='bbox 2749 1990 2933 2055; x_wconf 88' lang='lat' dir='ltr'><strong>armis,</strong></span> <span class='ocrx_word' id='word_1_449' title='bbox 2970 1990 3103 2044; x_wconf 83' lang='lat' dir='ltr'><strong>nudi</strong></span> <span class='ocrx_word' id='word_1_450' title='bbox 3134 1986 3309 2044; x_wconf 87' lang='lat' dir='ltr'><strong>relicti</strong></span> <span class='ocrx_word' id='word_1_451' title='bbox 3342 1995 3492 2043; x_wconf 90' lang='lat' dir='ltr'><strong>sunt.</strong></span> <span class='ocrx_word' id='word_1_452' title='bbox 3535 1989 3639 2043; x_wconf 80' lang='lat' dir='ltr'><strong>Co-</strong></span> 
     </span>
    </p>
   </div>
   <div class='ocr_carea' id='block_1_65' title="bbox 2057 2078 3637 2151">
    <p class='ocr_par' dir='ltr' id='par_1_65' title="bbox 2057 2078 3637 2151">
     <span class='ocr_line' id='line_1_65' title="bbox 2057 2078 3637 2151; baseline -0.003 -17"><span class='ocrx_word' id='word_1_453' title='bbox 2057 2079 2204 2134; x_wconf 87' lang='lat' dir='ltr'><strong>calas</strong></span> <span class='ocrx_word' id='word_1_454' title='bbox 2232 2087 2288 2135; x_wconf 93' lang='lat' dir='ltr'><strong>et</strong></span> <span class='ocrx_word' id='word_1_455' title='bbox 2318 2079 2652 2151; x_wconf 67' lang='lat' dir='ltr'><strong>Palmologus</strong></span> <span class='ocrx_word' id='word_1_456' title='bbox 2680 2079 2880 2133; x_wconf 87' lang='lat' dir='ltr'><strong>milites</strong></span> <span class='ocrx_word' id='word_1_457' title='bbox 2914 2078 3231 2141; x_wconf 89' lang='lat' dir='ltr'><strong>tuebantur,</strong></span> <span class='ocrx_word' id='word_1_458' title='bbox 3273 2086 3329 2131; x_wconf 91' lang='lat' dir='ltr'><strong>et</strong></span> <span class='ocrx_word' id='word_1_459' title='bbox 3357 2091 3452 2131; x_wconf 89' lang='lat' dir='ltr'><strong>eos</strong></span> <span class='ocrx_word' id='word_1_460' title='bbox 3482 2086 3637 2130; x_wconf 81' lang='lat' dir='ltr'><strong>veta—</strong></span> 
     </span>
    </p>
   </div>
   <div class='ocr_carea' id='block_1_66' title="bbox 2059 2164 3639 2238">
    <p class='ocr_par' dir='ltr' id='par_1_66' title="bbox 2059 2164 3639 2238">
     <span class='ocr_line' id='line_1_66' title="bbox 2059 2164 3639 2238; baseline -0.001 -16"><span class='ocrx_word' id='word_1_461' title='bbox 2059 2168 2193 2224; x_wconf 87' lang='lat' dir='ltr'><strong>bant</strong></span> <span class='ocrx_word' id='word_1_462' title='bbox 2241 2169 2481 2238; x_wconf 86' lang='lat' dir='ltr'><strong>spoliari,</strong></span> <span class='ocrx_word' id='word_1_463' title='bbox 2517 2182 2761 2238; x_wconf 88' lang='lat' dir='ltr'><strong>quosque</strong></span> <span class='ocrx_word' id='word_1_464' title='bbox 2792 2166 3152 2223; x_wconf 72' lang='lat' dir='ltr'><strong>inveniebant</strong></span> <span class='ocrx_word' id='word_1_465' title='bbox 3186 2180 3377 2237; x_wconf 83' lang='lat' dir='ltr'><strong>equos,</strong></span> <span class='ocrx_word' id='word_1_466' title='bbox 3406 2164 3639 2236; x_wconf 79' lang='lat' dir='ltr'><strong>singulis</strong></span> 
     </span>
    </p>
   </div>
   <div class='ocr_carea' id='block_1_67' title="bbox 2057 2256 3637 2329">
    <p class='ocr_par' dir='ltr' id='par_1_67' title="bbox 2057 2256 3637 2329">
     <span class='ocr_line' id='line_1_67' title="bbox 2057 2256 3637 2329; baseline -0.003 -14"><span class='ocrx_word' id='word_1_467' title='bbox 2057 2259 2352 2326; x_wconf 88' lang='lat' dir='ltr'><strong>donabant,</strong></span> <span class='ocrx_word' id='word_1_468' title='bbox 2389 2268 2500 2315; x_wconf 90' lang='lat' dir='ltr'><strong>tum</strong></span> <span class='ocrx_word' id='word_1_469' title='bbox 2557 2268 2617 2314; x_wconf 91' lang='lat' dir='ltr'><strong>ut</strong></span> <span class='ocrx_word' id='word_1_470' title='bbox 2664 2259 2898 2329; x_wconf 91' lang='lat' dir='ltr'><strong>pretium</strong></span> <span class='ocrx_word' id='word_1_471' title='bbox 2947 2257 3293 2329; x_wconf 86' lang='lat' dir='ltr'><strong>proditionis,</strong></span> <span class='ocrx_word' id='word_1_472' title='bbox 3334 2267 3450 2311; x_wconf 84' lang='lat' dir='ltr'><strong>tum</strong></span> <span class='ocrx_word' id='word_1_473' title='bbox 3492 2256 3637 2325; x_wconf 93' lang='lat' dir='ltr'><strong>quod</strong></span> 
     </span>
    </p>
   </div>
   <div class='ocr_carea' id='block_1_68' title="bbox 2055 2344 3639 2420">
    <p class='ocr_par' dir='ltr' id='par_1_68' title="bbox 2055 2344 3639 2420">
     <span class='ocr_line' id='line_1_68' title="bbox 2055 2344 3639 2420; baseline 0.001 -18"><span class='ocrx_word' id='word_1_474' title='bbox 2055 2348 2335 2418; x_wconf 79' lang='lat' dir='ltr'><strong>iurassent</strong></span> <span class='ocrx_word' id='word_1_475' title='bbox 2400 2348 2538 2420; x_wconf 88' lang='lat' dir='ltr'><strong>ipsis</strong></span> <span class='ocrx_word' id='word_1_476' title='bbox 2593 2348 2729 2404; x_wconf 88' lang='lat' dir='ltr'><strong>nihil</strong></span> <span class='ocrx_word' id='word_1_477' title='bbox 2782 2348 2911 2404; x_wconf 90' lang='lat' dir='ltr'><strong>mali</strong></span> <span class='ocrx_word' id='word_1_478' title='bbox 2964 2344 3238 2414; x_wconf 71' lang='lat' dir='ltr'><strong>illaturos,</strong></span> <span class='ocrx_word' id='word_1_479' title='bbox 3303 2347 3349 2403; x_wconf 92' lang='lat' dir='ltr'><strong>si</strong></span> <span class='ocrx_word' id='word_1_480' title='bbox 3405 2355 3639 2403; x_wconf 61' lang='lat' dir='ltr'><strong>ceteros</strong></span> 
     </span>
    </p>
   </div>
   <div class='ocr_carea' id='block_1_69' title="bbox 2059 2438 3641 2512">
    <p class='ocr_par' dir='ltr' id='par_1_69' title="bbox 2059 2438 3641 2512">
     <span class='ocr_line' id='line_1_69' title="bbox 2059 2438 3641 2512; baseline -0.002 -17"><span class='ocrx_word' id='word_1_481' title='bbox 2059 2441 2453 2511; x_wconf 84' lang='lat' dir='ltr'><strong>prodidissent.</strong></span> <span class='ocrx_word' id='word_1_482' title='bbox 2484 2442 2574 2496; x_wconf 85' lang='lat' dir='ltr'><strong>Sic</strong></span> <span class='ocrx_word' id='word_1_483' title='bbox 2604 2443 2790 2512; x_wconf 86' lang='lat' dir='ltr'><strong>itaque</strong></span> <span class='ocrx_word' id='word_1_484' title='bbox 2819 2441 3185 2497; x_wconf 87' lang='lat' dir='ltr'><strong>Cantacuzenl</strong></span> <span class='ocrx_word' id='word_1_485' title='bbox 3228 2455 3358 2511; x_wconf 83' lang='lat' dir='ltr'><strong>pars</strong></span> <span class='ocrx_word' id='word_1_486' title='bbox 3390 2455 3420 2493; x_wconf 86' lang='lat' dir='ltr'><strong>a</strong></span> <span class='ocrx_word' id='word_1_487' title='bbox 3449 2438 3641 2494; x_wconf 86' lang='lat' dir='ltr'><strong>militi-</strong></span> 
     </span>
    </p>
   </div>
   <div class='ocr_carea' id='block_1_70' title="bbox 2058 2527 3639 2603">
    <p class='ocr_par' dir='ltr' id='par_1_70' title="bbox 2058 2527 3639 2603">
     <span class='ocr_line' id='line_1_70' title="bbox 2058 2527 3639 2603; baseline -0.003 -16"><span class='ocrx_word' id='word_1_488' title='bbox 2058 2532 2163 2589; x_wconf 85' lang='lat' dir='ltr'><strong>bus</strong></span> <span class='ocrx_word' id='word_1_489' title='bbox 2202 2533 2439 2603; x_wconf 85' lang='lat' dir='ltr'><strong>prodita,</strong></span> <span class='ocrx_word' id='word_1_490' title='bbox 2476 2531 2530 2587; x_wconf 88' lang='lat' dir='ltr'><strong>vi</strong></span> <span class='ocrx_word' id='word_1_491' title='bbox 2561 2532 2773 2587; x_wconf 88' lang='lat' dir='ltr'><strong>devicta</strong></span> <span class='ocrx_word' id='word_1_492' title='bbox 2813 2541 2916 2586; x_wconf 90' lang='lat' dir='ltr'><strong>est.</strong></span> <span class='ocrx_word' id='word_1_493' title='bbox 2955 2529 3182 2586; x_wconf 83' lang='lat' dir='ltr'><strong>Cocalas</strong></span> <span class='ocrx_word' id='word_1_494' title='bbox 3215 2539 3269 2584; x_wconf 88' lang='lat' dir='ltr'><strong>et</strong></span> <span class='ocrx_word' id='word_1_495' title='bbox 3301 2527 3639 2597; x_wconf 65' lang='lat' dir='ltr'><strong>PalaeoIOgus</strong></span> 
     </span>
    </p>
   </div>
   <div class='ocr_carea' id='block_1_71' title="bbox 2060 2619 3638 2697">
    <p class='ocr_par' dir='ltr' id='par_1_71' title="bbox 2060 2619 3638 2697">
     <span class='ocr_line' id='line_1_71' title="bbox 2060 2619 3638 2697; baseline -0.005 -17"><span class='ocrx_word' id='word_1_496' title='bbox 2060 2626 2320 2697; x_wconf 90' lang='lat' dir='ltr'><strong>populum</strong></span> <span class='ocrx_word' id='word_1_497' title='bbox 2382 2626 2496 2693; x_wconf 82' lang='lat' dir='ltr'><strong>jam</strong></span> <span class='ocrx_word' id='word_1_498' title='bbox 2571 2624 2735 2679; x_wconf 91' lang='lat' dir='ltr'><strong>etiam</strong></span> <span class='ocrx_word' id='word_1_499' title='bbox 2797 2623 3007 2677; x_wconf 86' lang='lat' dir='ltr'><strong>incolas</strong></span> <span class='ocrx_word' id='word_1_500' title='bbox 3078 2620 3220 2676; x_wconf 87' lang='lat' dir='ltr'><strong>arcis</strong></span> <span class='ocrx_word' id='word_1_501' title='bbox 3287 2619 3638 2690; x_wconf 86' lang='lat' dir='ltr'><strong>diripientcm</strong></span> 
     </span>
    </p>
   </div>
   <div class='ocr_carea' id='block_1_72' title="bbox 2058 2716 3639 2790">
    <p class='ocr_par' dir='ltr' id='par_1_72' title="bbox 2058 2716 3639 2790">
     <span class='ocr_line' id='line_1_72' title="bbox 2058 2716 3639 2790; baseline -0.004 -17"><span class='ocrx_word' id='word_1_502' title='bbox 2058 2719 2420 2790; x_wconf 83' lang='lat' dir='ltr'><strong>expulerunt;</strong></span> <span class='ocrx_word' id='word_1_503' title='bbox 2479 2716 2583 2788; x_wconf 81' lang='lat' dir='ltr'><strong>ipsi</strong></span> <span class='ocrx_word' id='word_1_504' title='bbox 2628 2730 2797 2787; x_wconf 91' lang='lat' dir='ltr'><strong>usque</strong></span> <span class='ocrx_word' id='word_1_505' title='bbox 2841 2716 2909 2770; x_wconf 89' lang='lat' dir='ltr'><strong>ad</strong></span> <span class='ocrx_word' id='word_1_506' title='bbox 2958 2720 3176 2770; x_wconf 89' lang='lat' dir='ltr'><strong>noctem</strong></span> <span class='ocrx_word' id='word_1_507' title='bbox 3233 2720 3639 2782; x_wconf 82' lang='lat' dir='ltr'><strong>exspectantes,</strong></span> 
     </span>
    </p>
   </div>
   <div class='ocr_carea' id='block_1_73' title="bbox 2061 2805 3640 2875">
    <p class='ocr_par' dir='ltr' id='par_1_73' title="bbox 2061 2805 3640 2875">
     <span class='ocr_line' id='line_1_73' title="bbox 2061 2805 3640 2875; baseline -0.005 -9"><span class='ocrx_word' id='word_1_508' title='bbox 2061 2810 2304 2866; x_wconf 87' lang='lat' dir='ltr'><strong>dimissis</strong></span> <span class='ocrx_word' id='word_1_509' title='bbox 2334 2810 2556 2865; x_wconf 89' lang='lat' dir='ltr'><strong>domum</strong></span> <span class='ocrx_word' id='word_1_510' title='bbox 2601 2807 2884 2873; x_wconf 85' lang='lat' dir='ltr'><strong>militibus,</strong></span> <span class='ocrx_word' id='word_1_511' title='bbox 2918 2806 3129 2861; x_wconf 86' lang='lat' dir='ltr'><strong>amicos</strong></span> <span class='ocrx_word' id='word_1_512' title='bbox 3158 2805 3420 2875; x_wconf 88' lang='lat' dir='ltr'><strong>quosdam</strong></span> <span class='ocrx_word' id='word_1_513' title='bbox 3453 2817 3640 2858; x_wconf 90' lang='lat' dir='ltr'><strong>serva-</strong></span> 
     </span>
    </p>
   </div>
   <div class='ocr_carea' id='block_1_74' title="bbox 2060 2895 3641 2972">
    <p class='ocr_par' dir='ltr' id='par_1_74' title="bbox 2060 2895 3641 2972">
     <span class='ocr_line' id='line_1_74' title="bbox 2060 2895 3641 2972; baseline -0.005 -16"><span class='ocrx_word' id='word_1_514' title='bbox 2060 2911 2192 2956; x_wconf 85' lang='lat' dir='ltr'><strong>runt</strong></span> <span class='ocrx_word' id='word_1_515' title='bbox 2230 2919 2244 2955; x_wconf 88' lang='lat'><strong>:</strong></span> <span class='ocrx_word' id='word_1_516' title='bbox 2278 2898 2667 2972; x_wconf 88' lang='lat' dir='ltr'><strong>Apocauebum</strong></span> <span class='ocrx_word' id='word_1_517' title='bbox 2728 2907 2782 2953; x_wconf 80' lang='lat' dir='ltr'><strong>rt</strong></span> <span class='ocrx_word' id='word_1_518' title='bbox 2831 2899 2979 2953; x_wconf 79' lang='lat' dir='ltr'><strong>cives</strong></span> <span class='ocrx_word' id='word_1_519' title='bbox 3021 2897 3184 2967; x_wconf 63' lang='lat' dir='ltr'><strong>paulo</strong></span> <span class='ocrx_word' id='word_1_520' title='bbox 3238 2895 3376 2948; x_wconf 85' lang='lat' dir='ltr'><strong>infra</strong></span> <span class='ocrx_word' id='word_1_521' title='bbox 3422 2902 3641 2949; x_wconf 87' lang='lat' dir='ltr'><strong>centum</strong></span> 
     </span>
    </p>
   </div>
   <div class='ocr_carea' id='block_1_75' title="bbox 2063 2989 3640 3061">
    <p class='ocr_par' dir='ltr' id='par_1_75' title="bbox 2063 2989 3640 3061">
     <span class='ocr_line' id='line_1_75' title="bbox 2063 2989 3640 3061; baseline -0.006 -13"><span class='ocrx_word' id='word_1_522' title='bbox 2063 2994 2120 3048; x_wconf 90' lang='lat' dir='ltr'><strong>in</strong></span> <span class='ocrx_word' id='word_1_523' title='bbox 2176 2994 2320 3049; x_wconf 89' lang='lat' dir='ltr'><strong>arcis</strong></span> <span class='ocrx_word' id='word_1_524' title='bbox 2383 3007 2637 3056; x_wconf 86' lang='lat' dir='ltr'><strong>carcere,</strong></span> <span class='ocrx_word' id='word_1_525' title='bbox 2696 2991 2944 3061; x_wconf 86' lang='lat' dir='ltr'><strong>apposita</strong></span> <span class='ocrx_word' id='word_1_526' title='bbox 2992 2989 3261 3051; x_wconf 87' lang='lat' dir='ltr'><strong>custodia,</strong></span> <span class='ocrx_word' id='word_1_527' title='bbox 3301 2989 3640 3042; x_wconf 86' lang='lat' dir='ltr'><strong>clauserunt.</strong></span> 
     </span>
    </p>
   </div>
   <div class='ocr_carea' id='block_1_76' title="bbox 2063 3080 3642 3155">
    <p class='ocr_par' dir='ltr' id='par_1_76' title="bbox 2063 3080 3642 3155">
     <span class='ocr_line' id='line_1_76' title="bbox 2063 3080 3642 3155; baseline -0.003 -16"><span class='ocrx_word' id='word_1_528' title='bbox 2063 3083 2325 3155; x_wconf 87' lang='lat' dir='ltr'><strong>Sequenti</strong></span> <span class='ocrx_word' id='word_1_529' title='bbox 2382 3084 2621 3139; x_wconf 88' lang='lat' dir='ltr'><strong>diluculo</strong></span> <span class='ocrx_word' id='word_1_530' title='bbox 2680 3081 2949 3136; x_wconf 78' lang='lat' dir='ltr'><strong>auxiliarii</strong></span> <span class='ocrx_word' id='word_1_531' title='bbox 3007 3081 3267 3136; x_wconf 75' lang='lat' dir='ltr'><strong>Berrluea</strong></span> <span class='ocrx_word' id='word_1_532' title='bbox 3324 3080 3642 3143; x_wconf 68' lang='lat' dir='ltr'><strong>adiuuerunt,</strong></span> 
     </span>
    </p>
   </div>
   <div class='ocr_carea' id='block_1_77' title="bbox 2064 3174 3645 3245">
    <p class='ocr_par' dir='ltr' id='par_1_77' title="bbox 2064 3174 3645 3245">
     <span class='ocr_line' id='line_1_77' title="bbox 2064 3174 3645 3245; baseline -0.001 -16"><span class='ocrx_word' id='word_1_533' title='bbox 2064 3176 2199 3244; x_wconf 87' lang='lat' dir='ltr'><strong>qui,</strong></span> <span class='ocrx_word' id='word_1_534' title='bbox 2268 3183 2329 3229; x_wconf 91' lang='lat' dir='ltr'><strong>ut</strong></span> <span class='ocrx_word' id='word_1_535' title='bbox 2380 3184 2712 3245; x_wconf 85' lang='lat' dir='ltr'><strong>acceperunt</strong></span> <span class='ocrx_word' id='word_1_536' title='bbox 2761 3182 2951 3244; x_wconf 86' lang='lat' dir='ltr'><strong>captos</strong></span> <span class='ocrx_word' id='word_1_537' title='bbox 3004 3187 3143 3227; x_wconf 85' lang='lat' dir='ltr'><strong>esse-</strong></span> <span class='ocrx_word' id='word_1_538' title='bbox 3184 3180 3414 3242; x_wconf 84' lang='lat' dir='ltr'><strong>quorum</strong></span> <span class='ocrx_word' id='word_1_539' title='bbox 3449 3174 3645 3243; x_wconf 67' lang='lat' dir='ltr'><strong>gratia</strong></span> 
     </span>
    </p>
   </div>
   <div class='ocr_carea' id='block_1_78' title="bbox 2062 3262 3647 3336">
    <p class='ocr_par' dir='ltr' id='par_1_78' title="bbox 2062 3262 3647 3336">
     <span class='ocr_line' id='line_1_78' title="bbox 2062 3262 3647 3336; baseline -0.004 -12"><span class='ocrx_word' id='word_1_540' title='bbox 2062 3266 2381 3334; x_wconf 71' lang='lat' dir='ltr'><strong>&#39;veniebant,</strong></span> <span class='ocrx_word' id='word_1_541' title='bbox 2414 3280 2540 3322; x_wconf 89' lang='lat' dir='ltr'><strong>cum</strong></span> <span class='ocrx_word' id='word_1_542' title='bbox 2568 3267 2839 3322; x_wconf 81' lang='lat' dir='ltr'><strong>mediocri</strong></span> <span class='ocrx_word' id='word_1_543' title='bbox 2863 3264 3212 3336; x_wconf 84' lang='lat' dir='ltr'><strong>populatione</strong></span> <span class='ocrx_word' id='word_1_544' title='bbox 3251 3262 3475 3318; x_wconf 83' lang='lat' dir='ltr'><strong>domum</strong></span> <span class='ocrx_word' id='word_1_545' title='bbox 3515 3266 3647 3319; x_wconf 89' lang='lat' dir='ltr'><strong>red-</strong></span> 
     </span>
    </p>
   </div>
   <div class='ocr_carea' id='block_1_79' title="bbox 2065 3345 3646 3427">
    <p class='ocr_par' dir='ltr' id='par_1_79' title="bbox 2065 3345 3646 3427">
     <span class='ocr_line' id='line_1_79' title="bbox 2065 3345 3646 3427; baseline -0.003 -12"><span class='ocrx_word' id='word_1_546' title='bbox 2065 3360 2271 3415; x_wconf 88' lang='lat' dir='ltr'><strong>ierunt.</strong></span> <span class='ocrx_word' id='word_1_547' title='bbox 2337 3358 2498 3414; x_wconf 83' lang='lat' dir='ltr'><strong>Circa</strong></span> <span class='ocrx_word' id='word_1_548' title='bbox 2559 3358 2841 3414; x_wconf 84' lang='lat' dir='ltr'><strong>meridiem</strong></span> <span class='ocrx_word' id='word_1_549' title='bbox 2918 3372 3129 3413; x_wconf 92' lang='lat' dir='ltr'><strong>rumor-</strong></span> <span class='ocrx_word' id='word_1_550' title='bbox 3168 3356 3390 3427; x_wconf 82' lang='lat' dir='ltr'><strong>quidam</strong></span> <span class='ocrx_word' id='word_1_551' title='bbox 3450 3345 3646 3411; x_wconf 82' lang='lat' dir='ltr'><strong>urbem</strong></span> 
     </span>
    </p>
   </div>
   <div class='ocr_carea' id='block_1_80' title="bbox 2065 3446 3647 3517">
    <p class='ocr_par' dir='ltr' id='par_1_80' title="bbox 2065 3446 3647 3517">
     <span class='ocr_line' id='line_1_80' title="bbox 2065 3446 3647 3517; baseline -0.003 -11"><span class='ocrx_word' id='word_1_552' title='bbox 2065 3451 2286 3514; x_wconf 78' lang='lat' dir='ltr'><strong>amavit,</strong></span> <span class='ocrx_word' id='word_1_553' title='bbox 2316 3450 2534 3507; x_wconf 85' lang='lat' dir='ltr'><strong>vinctos</strong></span> <span class='ocrx_word' id='word_1_554' title='bbox 2564 3464 2780 3511; x_wconf 79' lang='lat' dir='ltr'><strong>rursum</strong></span> <span class='ocrx_word' id='word_1_555' title='bbox 2809 3461 2938 3504; x_wconf 84' lang='lat' dir='ltr'><strong>arce</strong></span> <span class='ocrx_word' id='word_1_556' title='bbox 2963 3456 3252 3517; x_wconf 77' lang='lat' dir='ltr'><strong>occupata,</strong></span> <span class='ocrx_word' id='word_1_557' title='bbox 3284 3446 3647 3503; x_wconf 69' lang='lat' dir='ltr'><strong>Berrhmense</strong></span> 
     </span>
    </p>
   </div>
   <div class='ocr_carea' id='block_1_81' title="bbox 2066 3540 3645 3612">
    <p class='ocr_par' dir='ltr' id='par_1_81' title="bbox 2066 3540 3645 3612">
     <span class='ocr_line' id='line_1_81' title="bbox 2066 3540 3645 3612; baseline -0.003 -15"><span class='ocrx_word' id='word_1_558' title='bbox 2066 3543 2371 3598; x_wconf 85' lang='lat' dir='ltr'><strong>subsidium</strong></span> <span class='ocrx_word' id='word_1_559' title='bbox 2419 3543 2789 3605; x_wconf 86' lang='lat' dir='ltr'><strong>intromittere</strong></span> <span class='ocrx_word' id='word_1_560' title='bbox 2816 3559 2834 3595; x_wconf 73' lang='grc' dir='ltr'><strong>ι</strong></span> <span class='ocrx_word' id='word_1_561' title='bbox 2863 3555 3028 3612; x_wconf 89' lang='lat' dir='ltr'><strong>quem</strong></span> <span class='ocrx_word' id='word_1_562' title='bbox 3082 3540 3283 3595; x_wconf 67' lang='lat' dir='ltr'><strong>Zelotaa</strong></span> <span class='ocrx_word' id='word_1_563' title='bbox 3329 3541 3421 3595; x_wconf 79' lang='lat' dir='ltr'><strong>ad-</strong></span> <span class='ocrx_word' id='word_1_564' title='bbox 3452 3554 3645 3595; x_wconf 80' lang='lat' dir='ltr'><strong>necem</strong></span> 
     </span>
    </p>
   </div>
   <div class='ocr_carea' id='block_1_82' title="bbox 2065 3634 3648 3705">
    <p class='ocr_par' dir='ltr' id='par_1_82' title="bbox 2065 3634 3648 3705">
     <span class='ocr_line' id='line_1_82' title="bbox 2065 3634 3648 3705; baseline -0.003 -13"><span class='ocrx_word' id='word_1_565' title='bbox 2065 3638 2176 3693; x_wconf 89' lang='lat' dir='ltr'><strong>illis</strong></span> <span class='ocrx_word' id='word_1_566' title='bbox 2198 3639 2497 3694; x_wconf 87' lang='lat' dir='ltr'><strong>curandam</strong></span> <span class='ocrx_word' id='word_1_567' title='bbox 2530 3640 2782 3703; x_wconf 86' lang='lat' dir='ltr'><strong>ementiti</strong></span> <span class='ocrx_word' id='word_1_568' title='bbox 2808 3638 3149 3694; x_wconf 88' lang='lat' dir='ltr'><strong>ferebantur.</strong></span> <span class='ocrx_word' id='word_1_569' title='bbox 3185 3637 3426 3705; x_wconf 84' lang='lat' dir='ltr'><strong>Populus</strong></span> <span class='ocrx_word' id='word_1_570' title='bbox 3455 3635 3525 3689; x_wconf 93' lang='lat' dir='ltr'><strong>de</strong></span> <span class='ocrx_word' id='word_1_571' title='bbox 3558 3634 3648 3688; x_wconf 82' lang='lat' dir='ltr'><strong>in-</strong></span> 
     </span>
    </p>
   </div>
   <div class='ocr_carea' id='block_1_83' title="bbox 2067 3728 3648 3800">
    <p class='ocr_par' dir='ltr' id='par_1_83' title="bbox 2067 3728 3648 3800">
     <span class='ocr_line' id='line_1_83' title="bbox 2067 3728 3648 3800; baseline -0.003 -17"><span class='ocrx_word' id='word_1_572' title='bbox 2067 3740 2224 3799; x_wconf 77' lang='lat' dir='ltr'><strong>tegro</strong></span> <span class='ocrx_word' id='word_1_573' title='bbox 2262 3730 2329 3786; x_wconf 86' lang='lat' dir='ltr'><strong>ad</strong></span> <span class='ocrx_word' id='word_1_574' title='bbox 2361 3746 2509 3785; x_wconf 86' lang='lat' dir='ltr'><strong>arma</strong></span> <span class='ocrx_word' id='word_1_575' title='bbox 2538 3730 2640 3793; x_wconf 87' lang='lat' dir='ltr'><strong>ire,</strong></span> <span class='ocrx_word' id='word_1_576' title='bbox 2669 3735 2928 3800; x_wconf 70' lang='lat' dir='ltr'><strong>atquead</strong></span> <span class='ocrx_word' id='word_1_577' title='bbox 2965 3745 3148 3785; x_wconf 83' lang='lat' dir='ltr'><strong>arcem</strong></span> <span class='ocrx_word' id='word_1_578' title='bbox 3186 3730 3315 3783; x_wconf 90' lang='lat' dir='ltr'><strong>vino</strong></span> <span class='ocrx_word' id='word_1_579' title='bbox 3362 3743 3426 3782; x_wconf 89' lang='lat' dir='ltr'><strong>ac</strong></span> <span class='ocrx_word' id='word_1_580' title='bbox 3459 3728 3648 3781; x_wconf 82' lang='lat' dir='ltr'><strong>furore</strong></span> 
     </span>
    </p>
   </div>
   <div class='ocr_carea' id='block_1_84' title="bbox 2067 3822 3647 3892">
    <p class='ocr_par' dir='ltr' id='par_1_84' title="bbox 2067 3822 3647 3892">
     <span class='ocr_line' id='line_1_84' title="bbox 2067 3822 3647 3892; baseline -0.003 -16"><span class='ocrx_word' id='word_1_581' title='bbox 2067 3822 2304 3878; x_wconf 90' lang='lat' dir='ltr'><strong>ducibus</strong></span> <span class='ocrx_word' id='word_1_582' title='bbox 2354 3823 2674 3892; x_wconf 88' lang='lat' dir='ltr'><strong>procedere.</strong></span> <span class='ocrx_word' id='word_1_583' title='bbox 2727 3823 2884 3878; x_wconf 82' lang='lat' dir='ltr'><strong>Areis</strong></span> <span class='ocrx_word' id='word_1_584' title='bbox 2931 3822 3205 3891; x_wconf 67' lang='lat' dir='ltr'><strong>indigenae</strong></span> <span class='ocrx_word' id='word_1_585' title='bbox 3266 3822 3531 3888; x_wconf 83' lang='lat' dir='ltr'><strong>impetum</strong></span> <span class='ocrx_word' id='word_1_586' title='bbox 3581 3832 3647 3871; x_wconf 83' lang='lat' dir='ltr'><strong>ac</strong></span> 
     </span>
    </p>
   </div>
   <div class='ocr_carea' id='block_1_85' title="bbox 2068 3909 3648 3983">
    <p class='ocr_par' dir='ltr' id='par_1_85' title="bbox 2068 3909 3648 3983">
     <span class='ocr_line' id='line_1_85' title="bbox 2068 3909 3648 3983; baseline -0.004 -15"><span class='ocrx_word' id='word_1_587' title='bbox 2068 3913 2433 3983; x_wconf 86' lang='lat' dir='ltr'><strong>direptionem</strong></span> <span class='ocrx_word' id='word_1_588' title='bbox 2479 3914 2647 3969; x_wconf 87' lang='lat' dir='ltr'><strong>rebus</strong></span> <span class='ocrx_word' id='word_1_589' title='bbox 2684 3915 2798 3975; x_wconf 86' lang='lat' dir='ltr'><strong>suis</strong></span> <span class='ocrx_word' id='word_1_590' title='bbox 2854 3922 3184 3977; x_wconf 88' lang='lat' dir='ltr'><strong>metuentes,</strong></span> <span class='ocrx_word' id='word_1_591' title='bbox 3225 3920 3413 3982; x_wconf 79' lang='lat' dir='ltr'><strong>portas</strong></span> <span class='ocrx_word' id='word_1_592' title='bbox 3456 3909 3648 3965; x_wconf 83' lang='lat' dir='ltr'><strong>occlu-</strong></span> 
     </span>
    </p>
   </div>
   <div class='ocr_carea' id='block_1_86' title="bbox 2069 4000 3643 4072">
    <p class='ocr_par' dir='ltr' id='par_1_86' title="bbox 2069 4000 3643 4072">
     <span class='ocr_line' id='line_1_86' title="bbox 2069 4000 3643 4072; baseline -0.006 -11"><span class='ocrx_word' id='word_1_593' title='bbox 2069 4005 2229 4072; x_wconf 85' lang='lat' dir='ltr'><strong>dunt,</strong></span> <span class='ocrx_word' id='word_1_594' title='bbox 2265 4005 2324 4067; x_wconf 82' lang='lat' dir='ltr'><strong>in</strong></span> <span class='ocrx_word' id='word_1_595' title='bbox 2356 4018 2545 4062; x_wconf 89' lang='lat' dir='ltr'><strong>muros</strong></span> <span class='ocrx_word' id='word_1_596' title='bbox 2581 4004 2915 4066; x_wconf 78' lang='lat' dir='ltr'><strong>ascendunt,</strong></span> <span class='ocrx_word' id='word_1_597' title='bbox 2957 4000 3643 4069; x_wconf 71' lang='lat' dir='ltr'><strong>misericordiamrogant,</strong></span> 
     </span>
    </p>
   </div>
   <div class='ocr_carea' id='block_1_87' title="bbox 2068 4092 3646 4166">
    <p class='ocr_par' dir='ltr' id='par_1_87' title="bbox 2068 4092 3646 4166">
     <span class='ocr_line' id='line_1_87' title="bbox 2068 4092 3646 4166; baseline -0.005 -14"><span class='ocrx_word' id='word_1_598' title='bbox 2068 4097 2264 4155; x_wconf 85' lang='lat' dir='ltr'><strong>facturi</strong></span> <span class='ocrx_word' id='word_1_599' title='bbox 2295 4096 2570 4166; x_wconf 77' lang='lat' dir='ltr'><strong>quidquid</strong></span> <span class='ocrx_word' id='word_1_600' title='bbox 2596 4096 2814 4153; x_wconf 82' lang='lat' dir='ltr'><strong>tandem</strong></span> <span class='ocrx_word' id='word_1_601' title='bbox 2839 4096 3191 4165; x_wconf 72' lang='lat' dir='ltr'><strong>iuberentur.</strong></span> <span class='ocrx_word' id='word_1_602' title='bbox 3227 4092 3375 4151; x_wconf 80' lang='lat' dir='ltr'><strong>Jussi</strong></span> <span class='ocrx_word' id='word_1_603' title='bbox 3428 4092 3646 4149; x_wconf 85' lang='lat' dir='ltr'><strong>vinctos</strong></span> 
     </span>
    </p>
   </div>
   <div class='ocr_carea' id='block_1_88' title="bbox 2066 4180 3648 4256">
    <p class='ocr_par' dir='ltr' id='par_1_88' title="bbox 2066 4180 3648 4256">
     <span class='ocr_line' id='line_1_88' title="bbox 2066 4180 3648 4256; baseline -0.003 -16"><span class='ocrx_word' id='word_1_604' title='bbox 2066 4185 2361 4251; x_wconf 84' lang='lat' dir='ltr'><strong>adducere,</strong></span> <span class='ocrx_word' id='word_1_605' title='bbox 2409 4196 2466 4239; x_wconf 85' lang='lat' dir='ltr'><strong>et</strong></span> <span class='ocrx_word' id='word_1_606' title='bbox 2503 4186 2572 4239; x_wconf 88' lang='lat' dir='ltr'><strong>ad</strong></span> <span class='ocrx_word' id='word_1_607' title='bbox 2620 4184 2770 4256; x_wconf 90' lang='lat' dir='ltr'><strong>ipsos</strong></span> <span class='ocrx_word' id='word_1_608' title='bbox 2825 4185 3133 4255; x_wconf 56' lang='lat' dir='ltr'><strong>pra‘cipitcs</strong></span> <span class='ocrx_word' id='word_1_609' title='bbox 3187 4183 3337 4239; x_wconf 87' lang='lat' dir='ltr'><strong>dare.</strong></span> <span class='ocrx_word' id='word_1_610' title='bbox 3387 4180 3648 4236; x_wconf 89' lang='lat' dir='ltr'><strong>Protinus</strong></span> 
     </span>
    </p>
   </div>
   <div class='ocr_carea' id='block_1_89' title="bbox 2067 4272 3649 4347">
    <p class='ocr_par' dir='ltr' id='par_1_89' title="bbox 2067 4272 3649 4347">
     <span class='ocr_line' id='line_1_89' title="bbox 2067 4272 3649 4347; baseline -0.004 -12"><span class='ocrx_word' id='word_1_611' title='bbox 2067 4280 2200 4339; x_wconf 85' lang='lat' dir='ltr'><strong>nudi</strong></span> <span class='ocrx_word' id='word_1_612' title='bbox 2252 4279 2619 4344; x_wconf 62' lang='lat' dir='ltr'><strong>adducuntur.</strong></span> <span class='ocrx_word' id='word_1_613' title='bbox 2659 4278 2736 4332; x_wconf 86' lang='lat' dir='ltr'><strong>Ac</strong></span> <span class='ocrx_word' id='word_1_614' title='bbox 2765 4277 2977 4347; x_wconf 88' lang='lat' dir='ltr'><strong>primus</strong></span> <span class='ocrx_word' id='word_1_615' title='bbox 3022 4275 3242 4347; x_wconf 90' lang='lat' dir='ltr'><strong>quidem</strong></span> <span class='ocrx_word' id='word_1_616' title='bbox 3283 4272 3649 4344; x_wconf 81' lang='lat' dir='ltr'><strong>Apocauchns</strong></span> 
     </span>
    </p>
   </div>
   <div class='ocr_carea' id='block_1_90' title="bbox 2069 4368 3647 4445">
    <p class='ocr_par' dir='ltr' id='par_1_90' title="bbox 2069 4368 3647 4445">
     <span class='ocr_line' id='line_1_90' title="bbox 2069 4368 3647 4445; baseline -0.008 -14"><span class='ocrx_word' id='word_1_617' title='bbox 2069 4374 2464 4445; x_wconf 82' lang='lat' dir='ltr'><strong>praecipitatur,</strong></span> <span class='ocrx_word' id='word_1_618' title='bbox 2504 4372 2598 4442; x_wconf 92' lang='lat' dir='ltr'><strong>qui</strong></span> <span class='ocrx_word' id='word_1_619' title='bbox 2639 4369 2779 4426; x_wconf 83' lang='lat' dir='ltr'><strong>forte</strong></span> <span class='ocrx_word' id='word_1_620' title='bbox 2826 4370 3059 4441; x_wconf 88' lang='lat' dir='ltr'><strong>quadam</strong></span> <span class='ocrx_word' id='word_1_621' title='bbox 3104 4377 3322 4425; x_wconf 87' lang='lat' dir='ltr'><strong>erectus</strong></span> <span class='ocrx_word' id='word_1_622' title='bbox 3367 4368 3542 4431; x_wconf 84' lang='lat' dir='ltr'><strong>stetit,</strong></span> <span class='ocrx_word' id='word_1_623' title='bbox 3580 4383 3647 4419; x_wconf 87' lang='lat' dir='ltr'><strong>ac</strong></span> 
     </span>
    </p>
   </div>
   <div class='ocr_carea' id='block_1_91' title="bbox 2068 4454 3644 4533">
    <p class='ocr_par' dir='ltr' id='par_1_91' title="bbox 2068 4454 3644 4533">
     <span class='ocr_line' id='line_1_91' title="bbox 2068 4454 3644 4533; baseline -0.01 -8"><span class='ocrx_word' id='word_1_624' title='bbox 2068 4466 2290 4525; x_wconf 84' lang='lat' dir='ltr'><strong>nemine</strong></span> <span class='ocrx_word' id='word_1_625' title='bbox 2324 4466 2562 4521; x_wconf 89' lang='lat' dir='ltr'><strong>audente</strong></span> <span class='ocrx_word' id='word_1_626' title='bbox 2592 4464 2745 4520; x_wconf 90' lang='lat' dir='ltr'><strong>illum</strong></span> <span class='ocrx_word' id='word_1_627' title='bbox 2787 4454 3261 4533; x_wconf 66' lang='lat' dir='ltr'><strong>contingere,&#39;diu</strong></span> <span class='ocrx_word' id='word_1_628' title='bbox 3295 4460 3375 4515; x_wconf 90' lang='lat' dir='ltr'><strong>sic</strong></span> <span class='ocrx_word' id='word_1_629' title='bbox 3422 4460 3644 4514; x_wconf 89' lang='lat' dir='ltr'><strong>mansit.</strong></span> 
     </span>
    </p>
   </div>
   <div class='ocr_carea' id='block_1_92' title="bbox 389 4551 1960 4634">
    <p class='ocr_par' dir='ltr' id='par_1_92' title="bbox 389 4551 1960 4627">
     <span class='ocr_line' id='line_1_92' title="bbox 389 4551 1960 4627; baseline 0.003 -24"><span class='ocrx_word' id='word_1_630' title='bbox 389 4551 527 4620; x_wconf 75' lang='grc' dir='ltr'>πρὸς</span> <span class='ocrx_word' id='word_1_631' title='bbox 555 4552 624 4621; x_wconf 81' lang='grc' dir='ltr'>τῇ</span> <span class='ocrx_word' id='word_1_632' title='bbox 662 4551 991 4621; x_wconf 61' lang='grc' dir='ltr'>ἀκροπόλει,</span> <span class='ocrx_word' id='word_1_633' title='bbox 1009 4554 1105 4605; x_wconf 82' lang='grc' dir='ltr'><strong>καὶ</strong></span> <span class='ocrx_word' id='word_1_634' title='bbox 1140 4554 1386 4624; x_wconf 79' lang='grc' dir='ltr'>φρουρὰν</span> <span class='ocrx_word' id='word_1_635' title='bbox 1418 4555 1730 4626; x_wconf 83' lang='grc' dir='ltr'>ἐπέστησαν</span> <span class='ocrx_word' id='word_1_636' title='bbox 1758 4556 1960 4627; x_wconf 60' lang='grc' dir='ltr'><strong>αὐτοῖςε</strong></span> 
     </span>
    </p>
   </div>
   <div class='ocr_carea' id='block_1_93' title="bbox 2061 4551 3648 4634">
    <p class='ocr_par' dir='ltr' id='par_1_93' title="bbox 2072 4552 3648 4625">
     <span class='ocr_line' id='line_1_93' title="bbox 2072 4552 3648 4625; baseline -0.006 -11"><span class='ocrx_word' id='word_1_637' title='bbox 2072 4561 2265 4614; x_wconf 82' lang='lat' dir='ltr'><strong>Postea</strong></span> <span class='ocrx_word' id='word_1_638' title='bbox 2301 4573 2445 4613; x_wconf 89' lang='lat' dir='ltr'><strong>unus</strong></span> <span class='ocrx_word' id='word_1_639' title='bbox 2469 4556 2538 4615; x_wconf 88' lang='lat' dir='ltr'><strong>de</strong></span> <span class='ocrx_word' id='word_1_640' title='bbox 2569 4554 2795 4622; x_wconf 77' lang='lat' dir='ltr'><strong>Zelotis,</strong></span> <span class='ocrx_word' id='word_1_641' title='bbox 2828 4555 3125 4613; x_wconf 81' lang='lat' dir='ltr'><strong>mollitiem</strong></span> <span class='ocrx_word' id='word_1_642' title='bbox 3151 4555 3277 4625; x_wconf 83' lang='lat' dir='ltr'><strong>aliis</strong></span> <span class='ocrx_word' id='word_1_643' title='bbox 3303 4552 3648 4623; x_wconf 80' lang='lat' dir='ltr'><strong>exprobrans</strong></span> 
     </span>
    </p>
   </div>
   <div class='ocr_carea' id='block_1_94' title="bbox 392 4642 1968 4718">
    <p class='ocr_par' dir='ltr' id='par_1_94' title="bbox 392 4642 1968 4718">
     <span class='ocr_line' id='line_1_94' title="bbox 392 4642 1968 4718; baseline 0.002 -21"><span class='ocrx_word' id='word_1_644' title='bbox 392 4642 550 4712; x_wconf 72' lang='grc' dir='ltr'>’Ἅμα</span> <span class='ocrx_word' id='word_1_645' title='bbox 584 4642 645 4695; x_wconf 76' lang='grc' dir='ltr'><strong>δέ</strong></span> <span class='ocrx_word' id='word_1_646' title='bbox 674 4642 749 4695; x_wconf 79' lang='grc' dir='ltr'><strong>ἐω</strong></span> <span class='ocrx_word' id='word_1_647' title='bbox 782 4643 862 4706; x_wconf 82' lang='grc' dir='ltr'><strong>εἰς</strong></span> <span class='ocrx_word' id='word_1_648' title='bbox 912 4644 1012 4714; x_wconf 81' lang='grc' dir='ltr'>τὴν</span> <span class='ocrx_word' id='word_1_649' title='bbox 1064 4644 1327 4700; x_wconf 78' lang='grc' dir='ltr'>ἐπιοῦσαν</span> <span class='ocrx_word' id='word_1_650' title='bbox 1371 4648 1468 4700; x_wconf 78' lang='grc' dir='ltr'>καὶ</span> <span class='ocrx_word' id='word_1_651' title='bbox 1508 4650 1541 4717; x_wconf 75' lang='grc' dir='ltr'><strong>ἠ</strong></span> <span class='ocrx_word' id='word_1_652' title='bbox 1583 4648 1648 4701; x_wconf 85' lang='grc' dir='ltr'><strong>ἐκ</strong></span> <span class='ocrx_word' id='word_1_653' title='bbox 1702 4648 1968 4718; x_wconf 80' lang='grc' dir='ltr'>Βερῤοίας</span> 
     </span>
    </p>
   </div>
   <div class='ocr_carea' id='block_1_95' title="bbox 393 4732 1969 4806">
    <p class='ocr_par' dir='ltr' id='par_1_95' title="bbox 393 4732 1969 4806">
     <span class='ocr_line' id='line_1_95' title="bbox 393 4732 1969 4806; baseline 0.004 -20"><span class='ocrx_word' id='word_1_654' title='bbox 393 4732 627 4805; x_wconf 83' lang='grc' dir='ltr'>στρατιὰ</span> <span class='ocrx_word' id='word_1_655' title='bbox 671 4733 874 4804; x_wconf 83' lang='grc' dir='ltr'>παρῆν.</span> <span class='ocrx_word' id='word_1_656' title='bbox 942 4734 1100 4787; x_wconf 81' lang='grc' dir='ltr'>Ἐπεί</span> <span class='ocrx_word' id='word_1_657' title='bbox 1134 4735 1198 4806; x_wconf 59' lang='grc' dir='ltr'><strong>⁴δὲ</strong></span> <span class='ocrx_word' id='word_1_658' title='bbox 1247 4735 1511 4790; x_wconf 80' lang='grc' dir='ltr'>ἐπύθοντο</span> <span class='ocrx_word' id='word_1_659' title='bbox 1555 4737 1631 4801; x_wconf 83' lang='grc' dir='ltr'>ὡς</span> <span class='ocrx_word' id='word_1_660' title='bbox 1677 4739 1858 4791; x_wconf 86' lang='grc' dir='ltr'>ἁλοῖεν</span> <span class='ocrx_word' id='word_1_661' title='bbox 1887 4733 1969 4801; x_wconf 75' lang='grc' dir='ltr'><strong>οἷς</strong></span> 
     </span>
    </p>
   </div>
   <div class='ocr_carea' id='block_1_96' title="bbox 390 4821 1970 4898">
    <p class='ocr_par' dir='ltr' id='par_1_96' title="bbox 390 4821 1970 4898">
     <span class='ocr_line' id='line_1_96' title="bbox 390 4821 1970 4898; baseline 0.001 -18"><span class='ocrx_word' id='word_1_662' title='bbox 390 4821 527 4898; x_wconf 79' lang='grc' dir='ltr'>ἧκον</span> <span class='ocrx_word' id='word_1_663' title='bbox 582 4827 892 4898; x_wconf 83' lang='grc' dir='ltr'>συμμαχεῖν</span> <span class='ocrx_word' id='word_1_664' title='bbox 920 4863 937 4891; x_wconf 87' lang='grc'><strong>,</strong></span> <span class='ocrx_word' id='word_1_665' title='bbox 992 4827 1436 4897; x_wconf 78' lang='grc' dir='ltr'>καταδραμόντες</span> <span class='ocrx_word' id='word_1_666' title='bbox 1493 4829 1783 4897; x_wconf 81' lang='grc' dir='ltr'>ἐληῖσαντό</span> <span class='ocrx_word' id='word_1_667' title='bbox 1845 4847 1970 4883; x_wconf 90' lang='grc' dir='ltr'>τινα</span> 
     </span>
    </p>
   </div>
   <div class='ocr_carea' id='block_1_97' title="bbox 393 4916 1985 4989">
    <p class='ocr_par' dir='ltr' id='par_1_97' title="bbox 393 4916 1985 4989">
     <span class='ocr_line' id='line_1_97' title="bbox 393 4916 1985 4989; baseline 0 -18"><span class='ocrx_word' id='word_1_668' title='bbox 393 4916 569 4985; x_wconf 72' lang='grc' dir='ltr'>ὀλίγα,</span> <span class='ocrx_word' id='word_1_669' title='bbox 601 4916 697 4973; x_wconf 78' lang='grc' dir='ltr'><strong>καὶ</strong></span> <span class='ocrx_word' id='word_1_670' title='bbox 716 4917 1052 4989; x_wconf 69' lang='grc' dir='ltr'>ἀνέστρεφον</span> <span class='ocrx_word' id='word_1_671' title='bbox 1074 4918 1153 4978; x_wconf 87' lang='grc' dir='ltr'><strong>εἰς</strong></span> <span class='ocrx_word' id='word_1_672' title='bbox 1183 4916 1283 4988; x_wconf 79' lang='grc' dir='ltr'><strong>τὴν</strong></span> <span class='ocrx_word' id='word_1_673' title='bbox 1303 4918 1506 4977; x_wconf 81' lang='grc' dir='ltr'>οἰκίαν.</span> <span class='ocrx_word' id='word_1_674' title='bbox 1544 4919 1680 4988; x_wconf 79' lang='grc' dir='ltr'>Περὶ</span> <span class='ocrx_word' id='word_1_675' title='bbox 1713 4917 1887 4989; x_wconf 79' lang='grc' dir='ltr'>μέσην</span> <span class='ocrx_word' id='word_1_676' title='bbox 1914 4919 1985 4987; x_wconf 24' lang='grc' dir='ltr'>δὲ,</span> 
     </span>
    </p>
   </div>
   <div class='ocr_carea' id='block_1_98' title="bbox 394 5009 1971 5082">
    <p class='ocr_par' dir='ltr' id='par_1_98' title="bbox 394 5009 1971 5082">
     <span class='ocr_line' id='line_1_98' title="bbox 394 5009 1971 5082; baseline 0.001 -19"><span class='ocrx_word' id='word_1_677' title='bbox 394 5009 609 5080; x_wconf 65' lang='grc' dir='ltr'>ἡμέραν</span> <span class='ocrx_word' id='word_1_678' title='bbox 665 5011 825 5082; x_wconf 83' lang='grc' dir='ltr'>φήμη</span> <span class='ocrx_word' id='word_1_679' title='bbox 881 5028 966 5076; x_wconf 89' lang='grc' dir='ltr'><strong>τις</strong></span> <span class='ocrx_word' id='word_1_680' title='bbox 1032 5013 1435 5081; x_wconf 31' lang='grc' dir='ltr'>προσέπιπτεν,</span> <span class='ocrx_word' id='word_1_681' title='bbox 1472 5010 1852 5082; x_wconf 30' lang='grc' dir='ltr'>ἀθροόννπρὸς</span> <span class='ocrx_word' id='word_1_682' title='bbox 1872 5012 1971 5082; x_wconf 73' lang='grc' dir='ltr'><strong>τὴν</strong></span> 
     </span>
    </p>
   </div>
   <div class='ocr_carea' id='block_1_99' title="bbox 396 5103 1968 5176">
    <p class='ocr_par' dir='ltr' id='par_1_99' title="bbox 396 5103 1968 5176">
     <span class='ocr_line' id='line_1_99' title="bbox 396 5103 1968 5176; baseline 0.002 -21"><span class='ocrx_word' id='word_1_683' title='bbox 396 5103 553 5157; x_wconf 85' lang='grc' dir='ltr'>πόλιν</span> <span class='ocrx_word' id='word_1_684' title='bbox 572 5105 648 5167; x_wconf 83' lang='grc' dir='ltr'>ὠς</span> <span class='ocrx_word' id='word_1_685' title='bbox 675 5106 729 5169; x_wconf 77' lang='grc' dir='ltr'><strong>οἰ</strong></span> <span class='ocrx_word' id='word_1_686' title='bbox 760 5104 1041 5176; x_wconf 76' lang='grc' dir='ltr'>δεσμῶται</span> <span class='ocrx_word' id='word_1_687' title='bbox 1073 5104 1232 5158; x_wconf 82' lang='grc' dir='ltr'>πάλιν</span> <span class='ocrx_word' id='word_1_688' title='bbox 1251 5103 1350 5174; x_wconf 79' lang='grc' dir='ltr'><strong>τὴν</strong></span> <span class='ocrx_word' id='word_1_689' title='bbox 1381 5106 1968 5175; x_wconf 79' lang='grc' dir='ltr'>ἀκρανκατασχόντες,</span> 
     </span>
    </p>
   </div>
   <div class='ocr_carea' id='block_1_100' title="bbox 397 5196 1973 5271">
    <p class='ocr_par' dir='ltr' id='par_1_100' title="bbox 397 5196 1973 5271">
     <span class='ocr_line' id='line_1_100' title="bbox 397 5196 1973 5271; baseline 0.001 -21"><span class='ocrx_word' id='word_1_690' title='bbox 397 5196 498 5269; x_wconf 75' lang='grc' dir='ltr'>τὴν</span> <span class='ocrx_word' id='word_1_691' title='bbox 521 5200 587 5251; x_wconf 86' lang='grc' dir='ltr'><strong>ἐκ</strong></span> <span class='ocrx_word' id='word_1_692' title='bbox 617 5197 878 5269; x_wconf 80' lang='grc' dir='ltr'>Βεῤῥοίας</span> <span class='ocrx_word' id='word_1_693' title='bbox 932 5198 1195 5271; x_wconf 86' lang='grc' dir='ltr'>στρατιὰν</span> <span class='ocrx_word' id='word_1_694' title='bbox 1240 5197 1593 5269; x_wconf 74' lang='grc' dir='ltr'>εἰσδέχονται.</span> <span class='ocrx_word' id='word_1_695' title='bbox 1637 5197 1887 5267; x_wconf 78' lang='grc' dir='ltr'>Ἐλέγετο</span> <span class='ocrx_word' id='word_1_696' title='bbox 1916 5196 1973 5251; x_wconf 80' lang='grc' dir='ltr'>δὲ</span> 
     </span>
    </p>
   </div>
   <div class='ocr_carea' id='block_1_101' title="bbox 397 5287 1975 5367">
    <p class='ocr_par' dir='ltr' id='par_1_101' title="bbox 397 5287 1975 5367">
     <span class='ocr_line' id='line_1_101' title="bbox 397 5287 1975 5367; baseline 0 -25"><span class='ocrx_word' id='word_1_697' title='bbox 397 5287 475 5353; x_wconf 75' lang='grc' dir='ltr'><strong>ὡς</strong></span> <span class='ocrx_word' id='word_1_698' title='bbox 502 5289 613 5343; x_wconf 84' lang='grc' dir='ltr'>τῶν</span> <span class='ocrx_word' id='word_1_699' title='bbox 656 5290 921 5360; x_wconf 83' lang='grc' dir='ltr'>Ζηλωτῶν</span> <span class='ocrx_word' id='word_1_700' title='bbox 951 5307 1098 5367; x_wconf 71' lang='grc' dir='ltr'>τινες</span> <span class='ocrx_word' id='word_1_701' title='bbox 1130 5291 1220 5365; x_wconf 13' lang='grc' dir='ltr'><strong>,τά</strong></span> <span class='ocrx_word' id='word_1_702' title='bbox 1274 5289 1501 5345; x_wconf 79' lang='grc' dir='ltr'>τοιαῦτα</span> <span class='ocrx_word' id='word_1_703' title='bbox 1534 5290 1975 5359; x_wconf 82' lang='grc' dir='ltr'>καταψεύσαιντο</span> 
     </span>
    </p>
   </div>
   <div class='ocr_carea' id='block_1_102' title="bbox 397 5377 1974 5454">
    <p class='ocr_par' dir='ltr' id='par_1_102' title="bbox 397 5377 1974 5454">
     <span class='ocr_line' id='line_1_102' title="bbox 397 5377 1974 5454; baseline 0.001 -19"><span class='ocrx_word' id='word_1_704' title='bbox 397 5383 492 5437; x_wconf 80' lang='grc' dir='ltr'>ἐπὶ</span> <span class='ocrx_word' id='word_1_705' title='bbox 508 5383 588 5452; x_wconf 83' lang='grc' dir='ltr'>τῷ</span> <span class='ocrx_word' id='word_1_706' title='bbox 618 5383 960 5438; x_wconf 78' lang='grc' dir='ltr'>ἀποκτείνειν</span> <span class='ocrx_word' id='word_1_707' title='bbox 985 5385 1111 5447; x_wconf 80' lang='grc' dir='ltr'>τοὺς</span> <span class='ocrx_word' id='word_1_708' title='bbox 1139 5382 1445 5454; x_wconf 76' lang='grc' dir='ltr'>δεσμώτας.</span> <span class='ocrx_word' id='word_1_709' title='bbox 1472 5382 1587 5437; x_wconf 78' lang='lat' dir='ltr'><strong>Kal.</strong></span> <span class='ocrx_word' id='word_1_710' title='bbox 1613 5384 1643 5436; x_wconf 89' lang='grc' dir='ltr'><strong>ό</strong></span> <span class='ocrx_word' id='word_1_711' title='bbox 1667 5383 1839 5452; x_wconf 83' lang='grc' dir='ltr'>δῆμος</span> <span class='ocrx_word' id='word_1_712' title='bbox 1873 5377 1974 5437; x_wconf 80' lang='grc' dir='ltr'><strong>αὖ-</strong></span> 
     </span>
    </p>
   </div>
   <div class='ocr_carea' id='block_1_103' title="bbox 400 5473 1972 5546">
    <p class='ocr_par' dir='ltr' id='par_1_103' title="bbox 400 5473 1972 5546">
     <span class='ocr_line' id='line_1_103' title="bbox 400 5473 1972 5546; baseline 0 -19"><span class='ocrx_word' id='word_1_713' title='bbox 400 5473 484 5538; x_wconf 53' lang='lat' dir='ltr'><strong>et;</strong></span> <span class='ocrx_word' id='word_1_714' title='bbox 505 5474 576 5528; x_wconf 81' lang='grc' dir='ltr'><strong>τὰ</strong></span> <span class='ocrx_word' id='word_1_715' title='bbox 611 5474 752 5527; x_wconf 81' lang='grc' dir='ltr'>ὅπλα</span> <span class='ocrx_word' id='word_1_716' title='bbox 783 5475 1171 5537; x_wconf 78' lang='grc' dir='ltr'>ἀναλαϐόντες,</span> <span class='ocrx_word' id='word_1_717' title='bbox 1212 5475 1454 5546; x_wconf 85' lang='grc' dir='ltr'>ἐχώρουν</span> <span class='ocrx_word' id='word_1_718' title='bbox 1505 5473 1643 5542; x_wconf 80' lang='grc' dir='ltr'>πρὸς</span> <span class='ocrx_word' id='word_1_719' title='bbox 1665 5474 1764 5544; x_wconf 83' lang='grc' dir='ltr'><strong>τὴν</strong></span> <span class='ocrx_word' id='word_1_720' title='bbox 1793 5476 1972 5543; x_wconf 78' lang='grc' dir='ltr'>ἄκραν</span> 
     </span>
    </p>
   </div>
   <div class='ocr_carea' id='block_1_104' title="bbox 402 5563 1970 5637">
    <p class='ocr_par' dir='ltr' id='par_1_104' title="bbox 402 5563 1970 5637">
     <span class='ocr_line' id='line_1_104' title="bbox 402 5563 1970 5637; baseline -0.001 -18"><span class='ocrx_word' id='word_1_721' title='bbox 402 5563 507 5619; x_wconf 80' lang='grc' dir='ltr'><strong>ὑπό</strong></span> <span class='ocrx_word' id='word_1_722' title='bbox 538 5582 595 5618; x_wconf 88' lang='grc' dir='ltr'><strong>τε</strong></span> <span class='ocrx_word' id='word_1_723' title='bbox 625 5564 798 5635; x_wconf 81' lang='grc' dir='ltr'>θυμοῦ</span> <span class='ocrx_word' id='word_1_724' title='bbox 833 5569 930 5619; x_wconf 78' lang='grc' dir='ltr'><strong>καὶ</strong></span> <span class='ocrx_word' id='word_1_725' title='bbox 961 5566 1105 5619; x_wconf 81' lang='grc' dir='ltr'>οἰνου</span> <span class='ocrx_word' id='word_1_726' title='bbox 1138 5566 1642 5637; x_wconf 85' lang='grc' dir='ltr'>στρατηγούμενοι·</span> <span class='ocrx_word' id='word_1_727' title='bbox 1674 5565 1725 5618; x_wconf 86' lang='grc' dir='ltr'><strong>οἰ</strong></span> <span class='ocrx_word' id='word_1_728' title='bbox 1753 5567 1883 5636; x_wconf 55' lang='grc' dir='ltr'>πρὶς</span> <span class='ocrx_word' id='word_1_729' title='bbox 1905 5569 1970 5636; x_wconf 84' lang='grc' dir='ltr'>τῇ</span> 
     </span>
    </p>
   </div>
   <div class='ocr_carea' id='block_1_105' title="bbox 400 5656 1972 5732">
    <p class='ocr_par' dir='ltr' id='par_1_105' title="bbox 400 5656 1972 5732">
     <span class='ocr_line' id='line_1_105' title="bbox 400 5656 1972 5732; baseline -0.001 -19"><span class='ocrx_word' id='word_1_730' title='bbox 400 5659 545 5732; x_wconf 70' lang='grc' dir='ltr'>ἄκρᾳ</span> <span class='ocrx_word' id='word_1_731' title='bbox 567 5659 626 5714; x_wconf 79' lang='grc' dir='ltr'><strong>δέ</strong></span> <span class='ocrx_word' id='word_1_732' title='bbox 656 5660 935 5724; x_wconf 80' lang='grc' dir='ltr'>δείσαντες</span> <span class='ocrx_word' id='word_1_733' title='bbox 960 5659 1058 5729; x_wconf 80' lang='grc' dir='ltr'><strong>τὴν</strong></span> <span class='ocrx_word' id='word_1_734' title='bbox 1086 5658 1274 5727; x_wconf 74' lang='grc' dir='ltr'>ἔφοδον</span> <span class='ocrx_word' id='word_1_735' title='bbox 1294 5659 1386 5712; x_wconf 81' lang='grc' dir='ltr'>τοῦ</span> <span class='ocrx_word' id='word_1_736' title='bbox 1417 5657 1611 5729; x_wconf 80' lang='grc' dir='ltr'>δήμου,</span> <span class='ocrx_word' id='word_1_737' title='bbox 1640 5657 1715 5729; x_wconf 78' lang='grc' dir='ltr'>μὴ</span> <span class='ocrx_word' id='word_1_738' title='bbox 1746 5658 1815 5711; x_wconf 84' lang='grc' dir='ltr'><strong>τά</strong></span> <span class='ocrx_word' id='word_1_739' title='bbox 1840 5656 1972 5712; x_wconf 74' lang='grc' dir='ltr'>ὄντα</span> 
     </span>
    </p>
   </div>
   <div class='ocr_carea' id='block_1_106' title="bbox 404 5748 1966 5822">
    <p class='ocr_par' dir='ltr' id='par_1_106' title="bbox 404 5748 1966 5822">
     <span class='ocr_line' id='line_1_106' title="bbox 404 5748 1966 5822; baseline -0.003 -18"><span class='ocrx_word' id='word_1_740' title='bbox 404 5751 551 5805; x_wconf 78' lang='grc' dir='ltr'>ἔνδον</span> <span class='ocrx_word' id='word_1_741' title='bbox 570 5750 908 5822; x_wconf 85' lang='grc' dir='ltr'>διαρπάσωσι</span> <span class='ocrx_word' id='word_1_742' title='bbox 934 5750 1236 5819; x_wconf 83' lang='grc' dir='ltr'>γενόμενοι,</span> <span class='ocrx_word' id='word_1_743' title='bbox 1257 5749 1592 5803; x_wconf 84' lang='grc' dir='ltr'>ἀπέκλεισαν</span> <span class='ocrx_word' id='word_1_744' title='bbox 1624 5751 1722 5813; x_wconf 88' lang='grc' dir='ltr'><strong>τάς</strong></span> <span class='ocrx_word' id='word_1_745' title='bbox 1757 5748 1931 5812; x_wconf 86' lang='grc' dir='ltr'>πύλας</span> <span class='ocrx_word' id='word_1_746' title='bbox 1954 5765 1966 5778; x_wconf 93' lang='grc'><strong>·</strong></span> 
     </span>
    </p>
   </div>
   <div class='ocr_carea' id='block_1_107' title="bbox 406 5840 1970 5913">
    <p class='ocr_par' dir='ltr' id='par_1_107' title="bbox 406 5840 1970 5913">
     <span class='ocr_line' id='line_1_107' title="bbox 406 5840 1970 5913; baseline -0.002 -14"><span class='ocrx_word' id='word_1_747' title='bbox 406 5841 703 5906; x_wconf 82' lang='grc' dir='ltr'>ἅναὸάντες</span> <span class='ocrx_word' id='word_1_748' title='bbox 724 5842 782 5897; x_wconf 78' lang='grc' dir='ltr'>δὲ</span> <span class='ocrx_word' id='word_1_749' title='bbox 810 5843 902 5896; x_wconf 80' lang='grc' dir='ltr'>ἐπὶ</span> <span class='ocrx_word' id='word_1_750' title='bbox 935 5840 1045 5896; x_wconf 82' lang='grc' dir='ltr'><strong>τῶν</strong></span> <span class='ocrx_word' id='word_1_751' title='bbox 1067 5840 1262 5912; x_wconf 83' lang='grc' dir='ltr'>τειχῶν</span> <span class='ocrx_word' id='word_1_752' title='bbox 1303 5840 1511 5895; x_wconf 84' lang='grc' dir='ltr'>ἐδέοντο</span> <span class='ocrx_word' id='word_1_753' title='bbox 1540 5843 1614 5913; x_wconf 79' lang='grc' dir='ltr'>μὴ</span> <span class='ocrx_word' id='word_1_754' title='bbox 1641 5840 1970 5912; x_wconf 79' lang='grc' dir='ltr'>διαφθείρειν</span> 
     </span>
    </p>
   </div>
   <div class='ocr_carea' id='block_1_108' title="bbox 2072 4642 3647 4717">
    <p class='ocr_par' dir='ltr' id='par_1_108' title="bbox 2072 4642 3647 4717">
     <span class='ocr_line' id='line_1_108' title="bbox 2072 4642 3647 4717; baseline -0.005 -14"><span class='ocrx_word' id='word_1_755' title='bbox 2072 4649 2305 4714; x_wconf 82' lang='lat' dir='ltr'><strong>accedit,</strong></span> <span class='ocrx_word' id='word_1_756' title='bbox 2357 4655 2526 4717; x_wconf 87' lang='lat' dir='ltr'><strong>caput</strong></span> <span class='ocrx_word' id='word_1_757' title='bbox 2569 4647 2621 4701; x_wconf 90' lang='lat' dir='ltr'><strong>ei</strong></span> <span class='ocrx_word' id='word_1_758' title='bbox 2677 4662 2707 4701; x_wconf 89' lang='lat' dir='ltr'><strong>a</strong></span> <span class='ocrx_word' id='word_1_759' title='bbox 2762 4643 3306 4714; x_wconf 67' lang='lat' dir='ltr'><strong>cervicibusgladio</strong></span> <span class='ocrx_word' id='word_1_760' title='bbox 3347 4642 3647 4699; x_wconf 80' lang='lat' dir='ltr'><strong>abscindit.</strong></span> 
     </span>
    </p>
   </div>
   <div class='ocr_carea' id='block_1_109' title="bbox 2075 4735 3650 4809">
    <p class='ocr_par' dir='ltr' id='par_1_109' title="bbox 2075 4735 3650 4809">
     <span class='ocr_line' id='line_1_109' title="bbox 2075 4735 3650 4809; baseline -0.003 -15"><span class='ocrx_word' id='word_1_761' title='bbox 2075 4740 2282 4795; x_wconf 85' lang='lat' dir='ltr'><strong>Deinde</strong></span> <span class='ocrx_word' id='word_1_762' title='bbox 2330 4741 2515 4795; x_wconf 64' lang='lat' dir='ltr'><strong>caeteri</strong></span> <span class='ocrx_word' id='word_1_763' title='bbox 2567 4752 2785 4809; x_wconf 89' lang='lat' dir='ltr'><strong>quoque</strong></span> <span class='ocrx_word' id='word_1_764' title='bbox 2834 4735 3180 4800; x_wconf 88' lang='lat' dir='ltr'><strong>circumfusi,</strong></span> <span class='ocrx_word' id='word_1_765' title='bbox 3229 4744 3399 4792; x_wconf 89' lang='lat' dir='ltr'><strong>totum</strong></span> <span class='ocrx_word' id='word_1_766' title='bbox 3449 4750 3650 4806; x_wconf 89' lang='lat' dir='ltr'><strong>corpus</strong></span> 
     </span>
    </p>
   </div>
   <div class='ocr_carea' id='block_1_110' title="bbox 2040 4826 3648 4891">
    <p class='ocr_par' dir='ltr' id='par_1_110' title="bbox 2040 4826 3648 4891">
     <span class='ocr_line' id='line_1_110' title="bbox 2040 4826 3648 4891; baseline -0.003 -6"><span class='ocrx_word' id='word_1_767' title='bbox 2040 4829 2390 4885; x_wconf 78' lang='lat' dir='ltr'><strong>&#39;vnlneribus</strong></span> <span class='ocrx_word' id='word_1_768' title='bbox 2445 4829 2821 4884; x_wconf 87' lang='lat' dir='ltr'><strong>consauciant.</strong></span> <span class='ocrx_word' id='word_1_769' title='bbox 2861 4826 2992 4883; x_wconf 89' lang='lat' dir='ltr'><strong>Post</strong></span> <span class='ocrx_word' id='word_1_770' title='bbox 3036 4827 3153 4882; x_wconf 52' lang='lat' dir='ltr'><strong>hac</strong></span> <span class='ocrx_word' id='word_1_771' title='bbox 3195 4844 3303 4882; x_wconf 92' lang='lat' dir='ltr'><strong>non</strong></span> <span class='ocrx_word' id='word_1_772' title='bbox 3363 4842 3493 4891; x_wconf 89' lang='lat' dir='ltr'><strong>uno,</strong></span> <span class='ocrx_word' id='word_1_773' title='bbox 3552 4827 3648 4881; x_wconf 88' lang='lat' dir='ltr'><strong>sed</strong></span> 
     </span>
    </p>
   </div>
   <div class='ocr_carea' id='block_1_111' title="bbox 2075 4917 3646 4999">
    <p class='ocr_par' dir='ltr' id='par_1_111' title="bbox 2075 4917 3646 4999">
     <span class='ocr_line' id='line_1_111' title="bbox 2075 4917 3646 4999; baseline -0.004 -22"><span class='ocrx_word' id='word_1_774' title='bbox 2075 4924 2326 4994; x_wconf 86' lang='lat' dir='ltr'><strong>pluribus</strong></span> <span class='ocrx_word' id='word_1_775' title='bbox 2387 4922 2525 4978; x_wconf 89' lang='lat' dir='ltr'><strong>locis</strong></span> <span class='ocrx_word' id='word_1_776' title='bbox 2568 4921 2788 4992; x_wconf 81' lang='lat' dir='ltr'><strong>reliqui,</strong></span> <span class='ocrx_word' id='word_1_777' title='bbox 2838 4920 3007 4991; x_wconf 73' lang='lat'><strong>680</strong></span> <span class='ocrx_word' id='word_1_778' title='bbox 3052 4918 3267 4999; x_wconf 76' lang='lat' dir='ltr'><strong>zelotis,</strong></span> <span class='ocrx_word' id='word_1_779' title='bbox 3316 4917 3646 4974; x_wconf 82' lang='lat' dir='ltr'><strong>nominatim</strong></span> 
     </span>
    </p>
   </div>
   <div class='ocr_carea' id='block_1_112' title="bbox 2077 5012 3649 5086">
    <p class='ocr_par' dir='ltr' id='par_1_112' title="bbox 2077 5012 3649 5086">
     <span class='ocr_line' id='line_1_112' title="bbox 2077 5012 3649 5086; baseline -0.005 -16"><span class='ocrx_word' id='word_1_780' title='bbox 2077 5015 2411 5086; x_wconf 82' lang='lat' dir='ltr'><strong>petentibus,</strong></span> <span class='ocrx_word' id='word_1_781' title='bbox 2486 5014 2556 5070; x_wconf 88' lang='lat' dir='ltr'><strong>de</strong></span> <span class='ocrx_word' id='word_1_782' title='bbox 2616 5028 2783 5068; x_wconf 84' lang='lat' dir='ltr'><strong>muro.</strong></span> <span class='ocrx_word' id='word_1_783' title='bbox 2830 5012 3141 5083; x_wconf 68' lang='lat' dir='ltr'><strong>praecipites</strong></span> <span class='ocrx_word' id='word_1_784' title='bbox 3201 5018 3649 5083; x_wconf 61' lang='lat' dir='ltr'><strong>agunturzqum</strong></span> 
     </span>
    </p>
   </div>
   <div class='ocr_carea' id='block_1_113' title="bbox 2047 5100 3711 5187">
    <p class='ocr_par' dir='ltr' id='par_1_113' title="bbox 2047 5100 3711 5187">
     <span class='ocr_line' id='line_1_113' title="bbox 2047 5100 3711 5187; baseline -0.004 -27"><span class='ocrx_word' id='word_1_785' title='bbox 2047 5105 2483 5168; x_wconf 72' lang='lat' dir='ltr'><strong>circumsistens</strong></span> <span class='ocrx_word' id='word_1_786' title='bbox 2526 5104 2779 5175; x_wconf 86' lang='lat' dir='ltr'><strong>populus,</strong></span> <span class='ocrx_word' id='word_1_787' title='bbox 2813 5103 2990 5158; x_wconf 87' lang='lat' dir='ltr'><strong>ferina</strong></span> <span class='ocrx_word' id='word_1_788' title='bbox 3030 5102 3266 5172; x_wconf 82' lang='lat' dir='ltr'><strong>quadam</strong></span> <span class='ocrx_word' id='word_1_789' title='bbox 3309 5100 3650 5156; x_wconf 86' lang='lat' dir='ltr'><strong>immanitate</strong></span> <span class='ocrx_word' id='word_1_790' title='bbox 3700 5164 3711 5187; x_wconf 36' lang='grc' dir='ltr'><em>ί</em></span> 
     </span>
    </p>
   </div>
   <div class='ocr_carea' id='block_1_114' title="bbox 2076 5191 3651 5266">
    <p class='ocr_par' dir='ltr' id='par_1_114' title="bbox 2076 5191 3651 5266">
     <span class='ocr_line' id='line_1_114' title="bbox 2076 5191 3651 5266; baseline -0.002 -16"><span class='ocrx_word' id='word_1_791' title='bbox 2076 5195 2293 5266; x_wconf 73' lang='lat' dir='ltr'><strong>sagittis</strong></span> <span class='ocrx_word' id='word_1_792' title='bbox 2343 5194 2590 5264; x_wconf 73' lang='lat' dir='ltr'><strong>conligit,</strong></span> <span class='ocrx_word' id='word_1_793' title='bbox 2636 5193 3001 5263; x_wconf 89' lang='lat' dir='ltr'><strong>quorumdam</strong></span> <span class='ocrx_word' id='word_1_794' title='bbox 3040 5192 3206 5248; x_wconf 80' lang='lat' dir='ltr'><strong>etiam</strong></span> <span class='ocrx_word' id='word_1_795' title='bbox 3241 5192 3423 5262; x_wconf 88' lang='lat' dir='ltr'><strong>capita</strong></span> <span class='ocrx_word' id='word_1_796' title='bbox 3453 5191 3651 5260; x_wconf 62' lang='lat' dir='ltr'><strong>praci-</strong></span> 
     </span>
    </p>
   </div>
   <div class='ocr_carea' id='block_1_115' title="bbox 2075 5284 3646 5357">
    <p class='ocr_par' dir='ltr' id='par_1_115' title="bbox 2075 5284 3646 5357">
     <span class='ocr_line' id='line_1_115' title="bbox 2075 5284 3646 5357; baseline -0.003 -14"><span class='ocrx_word' id='word_1_797' title='bbox 2075 5289 2177 5353; x_wconf 88' lang='lat' dir='ltr'><strong>dit.</strong></span> <span class='ocrx_word' id='word_1_798' title='bbox 2210 5292 2281 5343; x_wconf 83' lang='lat' dir='ltr'><strong>Ita</strong></span> <span class='ocrx_word' id='word_1_799' title='bbox 2315 5303 2507 5342; x_wconf 75' lang='lat' dir='ltr'><strong>omnes</strong></span> <span class='ocrx_word' id='word_1_800' title='bbox 2526 5287 2802 5342; x_wconf 88' lang='lat' dir='ltr'><strong>crudelem</strong></span> <span class='ocrx_word' id='word_1_801' title='bbox 2832 5286 2883 5338; x_wconf 90' lang='lat' dir='ltr'><strong>in</strong></span> <span class='ocrx_word' id='word_1_802' title='bbox 2912 5284 3159 5350; x_wconf 89' lang='lat' dir='ltr'><strong>modum,</strong></span> <span class='ocrx_word' id='word_1_803' title='bbox 3187 5294 3382 5357; x_wconf 57' lang='lat' dir='ltr'><strong>prater</strong></span> <span class='ocrx_word' id='word_1_804' title='bbox 3419 5300 3646 5355; x_wconf 87' lang='lat' dir='ltr'><strong>paucos,</strong></span> 
     </span>
    </p>
   </div>
   <div class='ocr_carea' id='block_1_116' title="bbox 2075 5378 3636 5450">
    <p class='ocr_par' dir='ltr' id='par_1_116' title="bbox 2075 5378 3636 5450">
     <span class='ocr_line' id='line_1_116' title="bbox 2075 5378 3636 5450; baseline -0.001 -17"><span class='ocrx_word' id='word_1_805' title='bbox 2075 5398 2214 5450; x_wconf 87' lang='lat' dir='ltr'><strong>quos</strong></span> <span class='ocrx_word' id='word_1_806' title='bbox 2251 5382 2441 5435; x_wconf 66' lang='lat' dir='ltr'><strong>incolae</strong></span> <span class='ocrx_word' id='word_1_807' title='bbox 2465 5381 2608 5434; x_wconf 84' lang='lat' dir='ltr'><strong>arcis</strong></span> <span class='ocrx_word' id='word_1_808' title='bbox 2635 5378 3057 5445; x_wconf 83' lang='lat' dir='ltr'><strong>absconderant,</strong></span> <span class='ocrx_word' id='word_1_809' title='bbox 3092 5378 3420 5434; x_wconf 90' lang='lat' dir='ltr'><strong>interierunt</strong></span> <span class='ocrx_word' id='word_1_810' title='bbox 3450 5398 3466 5435; x_wconf 91' lang='lat'><strong>:</strong></span> <span class='ocrx_word' id='word_1_811' title='bbox 3498 5394 3636 5448; x_wconf 87' lang='lat' dir='ltr'><strong>quo-</strong></span> 
     </span>
    </p>
   </div>
   <div class='ocr_carea' id='block_1_117' title="bbox 2078 5470 3648 5540">
    <p class='ocr_par' dir='ltr' id='par_1_117' title="bbox 2078 5470 3648 5540">
     <span class='ocr_line' id='line_1_117' title="bbox 2078 5470 3648 5540; baseline -0.003 -14"><span class='ocrx_word' id='word_1_812' title='bbox 2078 5489 2195 5526; x_wconf 85' lang='lat' dir='ltr'><strong>rum</strong></span> <span class='ocrx_word' id='word_1_813' title='bbox 2225 5472 2341 5525; x_wconf 85' lang='lat' dir='ltr'><strong>neci</strong></span> <span class='ocrx_word' id='word_1_814' title='bbox 2371 5471 2594 5525; x_wconf 63' lang='lat' dir='ltr'><strong>Cocalus</strong></span> <span class='ocrx_word' id='word_1_815' title='bbox 2622 5483 2675 5524; x_wconf 87' lang='lat' dir='ltr'><strong>et</strong></span> <span class='ocrx_word' id='word_1_816' title='bbox 2704 5470 3037 5540; x_wconf 76' lang='lat' dir='ltr'><strong>Palaeologus</strong></span> <span class='ocrx_word' id='word_1_817' title='bbox 3079 5478 3397 5539; x_wconf 67' lang='lat' dir='ltr'><strong>praesentes.</strong></span> <span class='ocrx_word' id='word_1_818' title='bbox 3442 5486 3500 5525; x_wconf 91' lang='lat' dir='ltr'><strong>se</strong></span> <span class='ocrx_word' id='word_1_819' title='bbox 3532 5484 3648 5523; x_wconf 87' lang='lat' dir='ltr'><strong>rem</strong></span> 
     </span>
    </p>
   </div>
   <div class='ocr_carea' id='block_1_118' title="bbox 2075 5563 3648 5634">
    <p class='ocr_par' dir='ltr' id='par_1_118' title="bbox 2075 5563 3648 5634">
     <span class='ocr_line' id='line_1_118' title="bbox 2075 5563 3648 5634; baseline -0.003 -16"><span class='ocrx_word' id='word_1_820' title='bbox 2075 5567 2272 5634; x_wconf 63' lang='lat' dir='ltr'><strong>aegrius</strong></span> <span class='ocrx_word' id='word_1_821' title='bbox 2314 5564 2484 5626; x_wconf 89' lang='lat' dir='ltr'><strong>ferre,</strong></span> <span class='ocrx_word' id='word_1_822' title='bbox 2536 5563 2774 5616; x_wconf 86' lang='lat' dir='ltr'><strong>furorem</strong></span> <span class='ocrx_word' id='word_1_823' title='bbox 2822 5571 3001 5615; x_wconf 82' lang='lat' dir='ltr'><strong>tamen</strong></span> <span class='ocrx_word' id='word_1_824' title='bbox 3047 5563 3232 5632; x_wconf 87' lang='lat' dir='ltr'><strong>populi</strong></span> <span class='ocrx_word' id='word_1_825' title='bbox 3282 5564 3539 5616; x_wconf 86' lang='lat' dir='ltr'><strong>cohibere</strong></span> <span class='ocrx_word' id='word_1_826' title='bbox 3584 5576 3648 5614; x_wconf 88' lang='lat' dir='ltr'><strong>ac</strong></span> 
     </span>
    </p>
   </div>
   <div class='ocr_carea' id='block_1_119' title="bbox 2078 5653 3648 5725">
    <p class='ocr_par' dir='ltr' id='par_1_119' title="bbox 2078 5653 3648 5725">
     <span class='ocr_line' id='line_1_119' title="bbox 2078 5653 3648 5725; baseline -0.003 -15"><span class='ocrx_word' id='word_1_827' title='bbox 2078 5657 2381 5725; x_wconf 85' lang='lat' dir='ltr'><strong>reprimere</strong></span> <span class='ocrx_word' id='word_1_828' title='bbox 2417 5655 2566 5711; x_wconf 84' lang='lat' dir='ltr'><strong>haud</strong></span> <span class='ocrx_word' id='word_1_829' title='bbox 2611 5668 2773 5724; x_wconf 67' lang='lat' dir='ltr'><strong>passe</strong></span> <span class='ocrx_word' id='word_1_830' title='bbox 2815 5654 3172 5719; x_wconf 79' lang='lat' dir='ltr'><strong>simulabant,</strong></span> <span class='ocrx_word' id='word_1_831' title='bbox 3221 5658 3315 5725; x_wconf 88' lang='lat' dir='ltr'><strong>qui</strong></span> <span class='ocrx_word' id='word_1_832' title='bbox 3346 5653 3547 5708; x_wconf 82' lang='lat' dir='ltr'><strong>demde</strong></span> <span class='ocrx_word' id='word_1_833' title='bbox 3595 5655 3648 5706; x_wconf 88' lang='lat' dir='ltr'><strong>in</strong></span> 
     </span>
    </p>
   </div>
   <div class='ocr_carea' id='block_1_120' title="bbox 2075 5742 3643 5814">
    <p class='ocr_par' dir='ltr' id='par_1_120' title="bbox 2075 5742 3643 5814">
     <span class='ocr_line' id='line_1_120' title="bbox 2075 5742 3643 5814; baseline -0.004 -14"><span class='ocrx_word' id='word_1_834' title='bbox 2075 5746 2219 5800; x_wconf 57' lang='lat' dir='ltr'><strong>ades</strong></span> <span class='ocrx_word' id='word_1_835' title='bbox 2262 5746 2531 5809; x_wconf 86' lang='lat' dir='ltr'><strong>involans,</strong></span> <span class='ocrx_word' id='word_1_836' title='bbox 2581 5745 2715 5799; x_wconf 88' lang='lat' dir='ltr'><strong>alios</strong></span> <span class='ocrx_word' id='word_1_837' title='bbox 2754 5745 2983 5814; x_wconf 84' lang='lat' dir='ltr'><strong>insuper</strong></span> <span class='ocrx_word' id='word_1_838' title='bbox 3021 5745 3169 5800; x_wconf 86' lang='lat' dir='ltr'><strong>cives</strong></span> <span class='ocrx_word' id='word_1_839' title='bbox 3215 5742 3643 5801; x_wconf 85' lang='lat' dir='ltr'><strong>contrucidavit.</strong></span> 
     </span>
    </p>
   </div>
   <div class='ocr_carea' id='block_1_121' title="bbox 2075 5830 3650 5909">
    <p class='ocr_par' dir='ltr' id='par_1_121' title="bbox 2075 5830 3650 5909">
     <span class='ocr_line' id='line_1_121' title="bbox 2075 5830 3650 5909; baseline -0.004 -14"><span class='ocrx_word' id='word_1_840' title='bbox 2075 5838 2209 5895; x_wconf 87' lang='lat' dir='ltr'><strong>Cum</strong></span> <span class='ocrx_word' id='word_1_841' title='bbox 2265 5838 2330 5892; x_wconf 84' lang='lat' dir='ltr'><strong>ad</strong></span> <span class='ocrx_word' id='word_1_842' title='bbox 2379 5838 2597 5893; x_wconf 89' lang='lat' dir='ltr'><strong>domum</strong></span> <span class='ocrx_word' id='word_1_843' title='bbox 2638 5837 2843 5894; x_wconf 60' lang='lat' dir='ltr'><strong>Cocalm</strong></span> <span class='ocrx_word' id='word_1_844' title='bbox 2884 5836 3082 5893; x_wconf 81' lang='lat' dir='ltr'><strong>Zelotis</strong></span> <span class='ocrx_word' id='word_1_845' title='bbox 3133 5830 3503 5909; x_wconf 73' lang='lat' dir='ltr'><strong>przieeuulibus</strong></span> <span class='ocrx_word' id='word_1_846' title='bbox 3556 5846 3650 5889; x_wconf 80' lang='lat' dir='ltr'><strong>ve-</strong></span> 
     </span>
    </p>
   </div>
  </div>
