3964 6558
335 381 488 450 1263
927 435 929 438 ‹
1463 377 1900 442 lIlSTORIAR‘

2051 375 2279 436 LIBER
2317 373 2434 436 ΠΙ.
3441 363 3575 433 1270

326 502 402 583 δὴ
433 502 533 572 τῆς
566 499 776 564 πόλεως
807 498 1053 568 Λατίνοις
1076 498 1480 572 προσηκούσης,
1505 498 1703 553 ὄτεύπ’
1734 496 1891 550 αὐτοί

2019 493 2248 556 tinente.
2281 493 2406 564 quia
2443 488 2545 546 sub
2575 486 2706 561 ipsis
2738 483 3028 557 aliquando
3063 480 3164 557 fuit
3187 478 3326 554 [62])
3366 477 3575 535 duode-

334 577 566 660 ἐγένετό
598 608 751 656 ποτε,
786 591 904 661 ἆμα
952 590 1274 645 δυοκαίδεκα
1304 590 1606 660 τριήρεσιν,
1641 584 1804 661 ἦλθον
1828 587 1899 644 si:

2013 584 2120 640 cim
2159 583 2474 638 triremibus
2519 580 2804 650 Smyrnam
2861 575 3121 646 appulsus
3175 581 3278 638 est,
3317 587 3479 641 quam
3522 579 3573 626 el

333 682 626 754 Σμύρνην,
660 682 756 737 καὶ
789 683 1052 753 πρότερον
1110 681 1213 736 ὑπὸ
1245 681 1361 736 τῶν
1399 681 1648 736 Λατίνων
1687 693 1898 749 κατεχο-

2015 677 2167 748 prius
2221 674 2408 730 Latini
2449 672 2822 743 possederant.
2880 666 3214 723 Patriarcbae
3261 664 3464 734 placuit
3520 663 3573 716 in

340 753 539 843 μένην.
571 773 887 845 Πατριάρχῃ
905 772 963 827 δὲ
989 772 1162 826 ἐδόκει
1189 773 1301 827 δεῖν
1329 774 1411 836 είς
1432 773 1525 825 τὸν
1548 771 1692 825 κατά
1726 770 1905 842 Σμύρ-

2017 769 2351 838 Smyrnense
2402 766 2669 835 templum.
2714 763 2869 831 (olim
2918 758 3427 829 metrOpolttanum)
3495 753 3580 809 in-

334 881 444 917 ναν
471 862 752 929 ἐξελθόντα
780 863 907 916 ναὸν
953 865 1012 916 ὲν
1051 856 1096 932 ᾧ
1128 863 1296 918 πάλαι
1351 864 1386 933 ἠ
1441 860 1776 933 μητρόπολις
1819 856 1899 930 ἦνἵ

2016 858 2202 930 gredi,
2257 868 2314 912 et
2365 857 2478 912 iﬂic
2522 855 2690 912 sacris
2739 852 2988 924 operari.
3038 850 3307 926 jussitque
3375 846 3579 901 milites

337 953 448 1024 τὴν
475 952 624 1006 θείαν
667 951 1059 1023 μυσταγωγίαν
1086 952 1394 1018 ἐκτελέσαι,
1435 951 1532 1006 καὶ
1565 951 1784 1004 ἐκέλευε
1814 950 1902 1021 τὴν

2017 958 2254 1005 armatos
2300 948 2476 1018 sequi.
2536 947 2800 1002 Martinus
2847 953 2902 1001 et
2929 944 3018 1000 alii
3069 941 3326 997 navarchi
3375 939 3576 993 factum

343 1041 612 1114 στρατιὰν
626 1043 996 1116 ὀπλισαμένην
1027 1044 1274 1098 ἕπεσθαι.
1299 1043 1573 1112 Μαρτϊνος
1598 1043 1653 1096 δὲ
1687 1040 1908 1107 ἐκώλυε,

2021 1040 2142 1104 Ιιοο,
2182 1049 2240 1094 ιιι
2291 1038 2533 1112 periculo
2578 1053 2690 1094 non
2741 1050 2934 1091 carens
2978 1032 3390 1094 dissuadebant.
3446 1029 3579 1081 Dum

345 1135 448 1187 καὶ
477 1137 524 1187 oi
546 1133 697 1189 ἄλλοι
737 1134 851 1188 τῶν
875 1134 1184 1206 ναυάρχων,
1204 1135 1754 1205 διακεκινδυνευμένα
1794 1134 1910 1188 τολ-

2021 1131 2335 1188 necessitati
2384 1144 2576 1200 parere
2613 1144 2721 1183 non
2754 1128 2890 1194 vult,
2919 1133 2974 1182 et
3019 1125 3072 1180 in
3105 1123 3223 1178 aede
3255 1119 3580 1177 sacriﬁcium

347 1228 466 1296 μᾷν
515 1227 936 1298 ἰσχυριζόμενοι.
981 1229 1139 1283 Ἐπεὶ
1173 1229 1229 1284 δὲ
1256 1231 1355 1284 οὐκ
1404 1230 1669 1292 ἐπείθετο.
1703 1231 1912 1285 εἵποντο

2021 1223 2173 1289 facit,
2204 1222 2462 1278 Amurius
2493 1235 2618 1278 cum
2659 1219 2882 1276 armatis
2911 1216 3260 1300 supervenit“
3287 1214 3353 1267 Et
3382 1209 3583 1266 milites

345 1317 589 1391 ἀνάγκη.
621 1319 731 1372 Καὶ
761 1319 1035 1390 γενομένῳ
1073 1321 1211 1391 πρὸς
1253 1322 1346 1377 τὸν
1395 1323 1521 1376 ναὸν
1553 1322 1650 1376 καὶ
1679 1322 1779 1394 την
1820 1341 1910 1393 μυ-

2021 1316 2239 1386 quidem
2283 1315 2484 1380 Latini,
2509 1319 2800 1369 cernentes
2832 1311 3026 1366 Persas
3071 1307 3348 1370 invadere,
3381 1303 3447 1358 ad
3492 1317 3584 1356 ca-

346 1409 669 1478 σταγιυγίαν
705 1411 806 1482 τὴν
859 1409 1012 1465 θείαν
1063 1412 1397 1478 ἑκτελοῦντι,
1437 1414 1672 1485 ἐπῆλθεν
1716 1415 1911 1488 ’Λμοὺρ

2021 1406 2237 1462 stellum
2312 1419 2472 1461 suum
2510 1399 2934 1471 ‘conl‘ugientes,
2981 1403 3213 1458 mortem
3273 1399 3584 1455 evaserunt,

349 1500 495 1568 μετά
518 1500 616 1570 τῆς
647 1502 928 1573 στρατιᾶς.
952 1503 1064 1556 Καὶ
1096 1502 1158 1557 τὺ
1189 1504 1286 1574 μὲν
1316 1505 1445 1560 ἀλλο
1477 1506 1794 1576 στράτευμα
1813 1508 1914 1560 τῶν

2022 1501 2334 1573 patriarcha
2368 1514 2497 1555 vero
2548 1497 2718 1552 sacris
2770 1495 2991 1551 indutus
3035 1491 3276 1556 vestibus
3307 1502 3414 1542 una
3461 1500 3583 1541 cum

350 1589 601 1640 Λατίνων
639 1588 873 1660 διεσώθη
914 1591 1278 1664 ἀναχωρῆσαν
1321 1596 1456 1664 πρὸς
1493 1597 1554 1649 τὸ
1581 1596 1915 1666 φρούριον,δ

2025 1593 2256 1650 Martino
2297 1591 2596 1664 paucisque
2637 1587 2914 1646 nobilibus
2955 1601 2987 1640 a
3019 1583 3202 1642 Persis
3233 1582 3588 1637 obtruncatus

346 1680 626 1749 κατεῖχον,
679 1680 802 1734 ἐπεὶ
859 1682 986 1748 τοὺς
1037 1684 1255 1755 Πέρσας
1311 1682 1452 1740 εἶδον
1494 1688 1777 1753 ὲπιόντας’
1813 1705 1911 1744 παι

2026 1696 2129 1742 est.
2169 1684 2274 1740 Per
2316 1683 2460 1740 idem
2493 1693 2710 1752 tempus
2750 1679 3071 1734 Genuenses
3113 1672 3365 1729 nonnulli
3417 1666 3587 1724 nobili

345 1767 620 1838 τριάρχης
648 1768 706 1822 δὲ
736 1769 834 1841 τὴν
867 1771 1021 1840 ίεράν
1052 1772 1248 1842 στολὴν
1277 1773 1647 1844 ἐνδεδυμένος,
1679 1775 1910 1844 ἀπεσφάι

2027 1779 2150 1833 loco
2191 1777 2326 1841 nati,
2359 1775 2569 1830 duabus
2606 1782 2662 1829 et
2711 1770 2931 1843 triginta
2988 1767 3300 1826 triremibus
3345 1779 3442 1819 sua
3491 1762 3592 1816 im-

348 1875 426 1927 γη
459 1858 566 1911 ὑπὸ
606 1859 718 1913 τῶν
755 1861 1004 1933 Περσῶν,
1056 1866 1152 1918 καὶ
1189 1867 1482 1936 Μαρττνος,
1515 1869 1610 1921 καὶ
1639 1866 1789 1922 ἄλλοι
1817 1868 1913 1922 τῶι

2029 1884 2198 1942 pensa
2235 1866 2540 1932 instructis,
2589 1865 2786 1922 Chium
2819 1863 3164 1932 navigarunt,
3202 1870 3433 1928 eamque
3483 1870 3589 1910 non

353 1951 646 2021 ἐπιφανῶν
691 1953 888 2022 ὀλίγοι.
925 1955 1014 2009 Ἐν
1060 1955 1116 2010 δὲ
1166 1959 1280 2022 τοῖς
1310 1957 1522 2029 χρόνοις
1573 1958 1801 2027 τούτοις,
1832 1961 1918 2013 καὶ

2027 1958 2361 2031 parum'diu
2396 1956 2752 2020 obsederunt,
2799 1960 2856 2008 et
2905 1966 3090 2006 muros
3135 1964 3300 2017 saepe.
3359 1944 3590 2001 admotis

349 2039 470 2095 τῶν
500 2043 560 2096 ὲν
598 2043 832 2116 Γεννούᾳ
876 2045 1112 2115 εὐγενῶν
1143 2065 1293 2110 τινες
1351 2047 1446 2101 δύο
1487 2049 1582 2103 καὶ
1628 2050 1914 2120 τριάκοντα

2029 2052 2193 2108 etiam
2221 2049 2488 2105 machinis
2509 2086 2526 2114 ,
2562 2046 2737 2102 valide
2762 2051 3164 2114 oppugnarunt.
3205 2039 3591 2094 Verumtamen

353 2132 752 2204 πληρώσαντες
777 2129 1029 2200 ·ὀίκείοὶς
1066 2136 1387 2208 ἀναλώμασι
1415 2202 1422 2206 _
1452 2141 1700 2213 τριήρεις
1721 2183 1737 2208 ,
1801 2141 1918 2196 ἐπέ-

2030 2144 2181 2200 Chiis
2205 2141 2435 2211 fortiter
2471 2154 2532 2196 se
2566 2138 2870 2204 tuentibus,
2895 2134 3032 2190 nihil
3063 2141 3156 2187 aut
3193 2145 3383 2204 parum
3416 2126 3593 2198 prole«

355 2227 602 2281 πλευσαν
662 2229 730 2298 τῇ
787 2228 924 2300 Χίῳ.
985 2228 1078 2283 καὶ
1134 2229 1539 2301 ἐπολιόρκησαν
1590 2231 1780 2302 χρόνον
1830 2232 1920 2286 οὐκ

2032 2240 2246 2290 cerunt.
2297 2231 2433 2288 Cum
2480 2238 2663 2283 autem
2712 2225 2891 2281 victus
2946 2219 3128 2290 inopia
3195 2222 3592 2286 premerentur,

352 2318 562 2388 ὀλίγον,
597 2319 692 2372 καὶ
737 2320 1091 2392 τειχομαχίας
1138 2338 1198 2375 τε
1228 2321 1427 2386 πολλὰς
1464 2325 1788 2394 ἐποιήσαντο
1836 2327 1917 2381 καἸ

2034 2325 2353 2394 nullumque
2383 2336 2416 2377 a
2459 2319 2724 2377 Romanis
2771 2314 3034 2372 auxilium
3077 2311 3418 2371 adventaret,
3449 2303 3599 2358 Lati-

355 2410 661 2482 καρτερᾶς,
702 2412 796 2465 καὶ
854 2412 1224 2482 μηχανήματα
1277 2414 1578 2484 προσῆγον.
1622 2416 1825 2472 Ἥνυον
1874 2415 1920 2472 δὲ

2033 2432 2228 2473 norum
2284 2430 2344 2470 se
2411 2410 2672 2484 potestati
2732 2408 3126 2479 permittentes,
3181 2402 3370 2458 urbem
3424 2396 3595 2452 coacti

357 2503 474 2558 ἀπὸ
519 2504 628 2557 τῶν
661 2501 918 2560 τοιούτων
950 2505 1164 2576 ὀλίγαῆ
1211 2505 1385 2562 οὐδέν.
1417 2505 1484 2563 Ol
1517 2507 1626 2581 γὰρ
1653 2508 1775 2564 Χῖοι
1791 2510 1922 2582 ὴμύ‹

2036 2506 2401 2563 tradiderunt.
2452 2500 2772 2572 Imperatrix
2821 2510 3128 2568 quanquam
3181 2491 3318 2547 Chio
3376 2489 3597 2542 obsessa

356 2610 518 2650 νοντο
545 2593 672 2658 τοὺς
691 2595 956 2661 Λατίνους
992 2598 1298 2669 καρτερῶς,
1323 2599 1503 2673 ἐνδείᾳ
1532 2579 1921 2669 δὲήπιεσθέντες

2037 2597 2266 2653 miriﬁce
2307 2603 2623 2666 angeretur,
2681 2591 2826 2646 ferre
2864 2599 3048 2644 tamen
3098 2598 3256 2654 opem
3298 2579 3597 2650 nequibat;

358 2685 461 2739 καὶ
485 2683 847 2756 λιμώξαντες,
875 2686 997 2740 ἐπεὶ
1021 2688 1342 2758 ἐπικουρίας
1359 2689 1617 2761 οὐδεμιᾶς
1641 2692 1923 2765 ἑτύγχανοι

2037 2703 2166 2745 nam
2213 2703 2313 2744 nec
2343 2685 2572 2757 pecunia
2607 2691 2799 2740 contra
2842 2691 3022 2736 tantas
3067 2677 3212 2731 vires
3245 2675 3298 2728 in
3347 2678 3600 2741 promptu

362 2775 523 2847 παρά
563 2775 871 2847 Ῥωμαίων,
924 2777 1307 2852 προσεχώρουν
1336 2781 1450 2844 τοῖς
1511 2764 1804 2851 Λατίνρις,
1843 2786 1927 2839 καὶ

2041 2789 2180 2847 erat,
2206 2787 2267 2836 ut
2295 2779 2524 2838 classem
2557 2774 2874 2831 Latinorum
2903 2768 3059 2826 classi
3088 2764 3348 2836 :Bqtmlem
3381 2775 3605 2830 compa-

303 2936 308 2942 .
364 2864 680 2936 παρέδοσαν
719 2865 820 2937 τὴν
851 2868 1006 2922 πόλιν
1060 2869 1153 2922 ὑπ’
1199 2870 1465 2944 ἀνάγκης.
1505 2873 1570 2926 Ἦ
1611 2874 1824 2943 βασιλὶς

2044 2880 2224 2939 raret,
2277 2881 2332 2926 et
2378 2870 2582 2926 bonum
2625 2881 2693 2923 ac
2736 2865 2967 2936 peritum
3001 2861 3119 2932 ejus
3159 2858 3446 2914 .ductorem
3500 2868 3603 2905 non

362 2957 559 3026 ἠνιᾶτο
587 2957 686 3027 μὲν
725 2955 916 3021 δεινῶς
965 2958 1067 3028 τῆς
1111 2959 1246 3012 Χίου
1281 2959 1766 3034 πολιορκουμένης,
1814 2967 1927 3036 βοη-

2044 2964 2314 3027 habebat;
2345 2975 2538 3017 omnes
2559 2957 2829 3028 siquidem
2864 2955 2954 3024 qui
2987 2953 3131 3007 inter
3164 2949 3440 3002 Romanos
3472 2943 3604 2998 cmi-

367 3047 487 3100 οεϊν
517 3045 574 3098 δὲ
606 3048 705 3099 οὶκ
757 3041 907 3117 εἶχεο
940 3047 1244 3118 χρημάτων
1293 3065 1354 3103 τε
1399 3051 1508 3124 γὰρ
1573 3054 1674 3107 οὐκ
1716 3057 1932 3126 εὐπόρει

2044 3056 2270 3119 nebant,
2294 3050 2608 3108 carceribus
2633 3047 3023 3102 attinebantur.
3049 3042 3213 3114 682
3242 3037 3609 3093 Nihilominus

372 3138 512 3208 πρὸς
564 3139 847 3228 τοσαύτην,
869 3139 1119 3211 δύναμιν,
1165 3141 1308 3196 ὥστε
1363 3144 1550 3199 στόλον
1607 3149 1937 3220 ἀντίρροπον

2046 3147 2337 3202 archontes
2377 3143 2586 3214 aliquot
2617 3140 2870 3195 triremes
2921 3143 3194 3190 armantcs
3223 3129 3607 3185 Pbaeeolatum

365 3230 449 3298 τῷ
469 3230 716 3284 Λατίνων
743 3227 1026 3302 ἐξα⁹ρτύειν
1044 3249 1058 3264 ο
1090 3234 1301 3290 καὶτὸν
1349 3236 1701 3309 διοικήσοντα
1735 3215 1930 3305 ἰκαλῶς

2047 3238 2312 3309 collegam
2341 3235 2452 3306 (qui
2483 3231 2734 3290 Cinnami
2781 3227 2998 3300 mystici
3030 3225 3212 3280 uxoris
3241 3235 3486 3278 sororem
3515 3219 3612 3272 ba-

371 3325 472 3378 καὶ
504 3321 579 3382 ὡς
597 3321 845 3391 προσῆκε
867 3322 936 3376 τά
963 3324 1268 3395 πράγματα
1302 3327 1401 3382 οὐκ
1422 3323 1538 3400 εἷχε
1557 3345 1574 3361 ο
1605 3331 1806 3396 πάντες
1833 3332 1936 3402 γὰρ

2046 3331 2212 3387 bcbat
2241 3330 2295 3384 in
2328 3323 2698 3393 matrimonio)
2726 3323 2793 3377 iis
2823 3319 3182 3392 prml‘ccerunt
3211 3333 3224 3367 :
3256 3329 3364 3368 non
3396 3311 3611 3382 quidem

371 3415 493 3471 ὅσοι
519 3408 660 3485 ἦσαν
681 3414 1268 3487 ἀξιόλογοιῬωμαίων,
1308 3421 1366 3473 ἐν
1398 3420 1791 3494 δεσμωτηρίοις
1811 3434 1936 3480 κατ-

2050 3431 2110 3479 υι
2140 3437 2203 3476 se
2233 3420 2462 3484 Latinis,
2514 3417 2712 3489 quibus
2748 3415 2905 3484 longe
2944 3419 3091 3466 esset
3121 3406 3368 3470 inferior,
3407 3403 3612 3472 objice-

375 3504 676 3558 εκλείοντο.
737 3505 927 3575 Ὅμως
979 3506 1133 3570 τινας
1178 3508 1391 3577 ὀλίγους
1447 3512 1836 3578 ὲφοπλίσαντες
1897 3517 1940 3569 ol

2052 3524 2156 3578 ret,
2197 3514 2292 3568 sed
2342 3521 2402 3567 ut
2441 3517 2808 3565 commeatum
2841 3505 2894 3558 in
2933 3502 3189 3567 insulam,
3237 3498 3280 3554 si
3319 3513 3426 3568 quo
3457 3497 3615 3548 modo

373 3595 638 3666 ἄρχοντες
693 3597 964 3667 τριήρεις,
1013 3600 1375 3654 Φακεωλάτον
1424 3601 1682 3672 ἔπεμψαν
1740 3606 1938 3675 συνάρ⁴

2051 3611 2260 3674 posset,
2308 3602 2648 3671 importaret.
2691 3593 3053 3650 Pbaceulatus
3083 3600 3142 3644 ut
3169 3589 3362 3644 Chium
3402 3595 3613 3653 cupiam

281 3696 288 3698 “
376 3705 548 3764 χοντα
583 3688 705 3740 τότε
729 3689 841 3752 τοῖς
871 3689 1072 3752 ἀλλοις.
1132 3686 1222 3761 (ἦν
1251 3690 1360 3762 γὰρ
1415 3691 1695 3762 Κιννάμου
1723 3695 1816 3746 τοῦ

2055 3695 2291 3758 audivit,
2323 3692 2474 3748 illico
2503 3691 2609 3745 iter
2638 3687 2908 3757 relegens,
2939 3693 2995 3740 et
3035 3683 3300 3738 onerariae
3343 3677 3616 3735 Gcmtcmi

380 3763 574 3834 στικοῦ
636 3781 898 3835 συνοικῶν
945 3781 1150 3852 ἀδελφῇ
1201 3782 1300 3852 τῆς
1335 3782 1616 3852 γυναικὸς)
1667 3784 1766 3855 οὐχ
1807 3763 1945 3839 ὥστε

2057 3798 2376 3847 occurrens,
2433 3780 2544 3835 acri
2598 3791 2774 3848 pugna
2825 3791 2944 3830 eam
3003 3774 3152 3836 vicit,
3209 3781 3263 3826 ct
3316 3763 3621 3840 compluris

380 3871 800 3927 ἀντιτάττεσθαι
827 3872 1080 3937 Λατίνοις
1097 3888 1112 3904 ·
1147 3877 1247 3928 οὐκ
1267 3873 1452 3944 ὀλίγον
1471 3875 1580 3946 γὰρ
1595 3875 1711 3948 ἀπή
1725 3879 1789 3929 ἐι
1820 3880 1945 3949 πρὶς

2060 3875 2287 3932 Latinos
2331 3871 2554 3935 occidit,
2593 3868 2991 3938 pecuniamque
3035 3862 3283 3932 diripuit.
3321 3859 3482 3930 Fama
3519 3860 3622 3914 Ga-

380 3962 486 4032 τὴν
523 3959 748 4016 ἐκείνων
769 3962 1003 4032 δύναμιν
1021 3981 1036 3997 ο
1074 3963 1193 4018 ἀλλ’
1221 3965 1271 4018 εί
1299 3964 1514 4018 δύναιτο
1537 3967 1726 4036 τρόπῳ
1760 3967 1824 4040 δή
1849 3986 1945 4023 τινι

2057 3969 2221 4023 latam
2273 3966 2342 4020 ad
2403 3961 2760 4032 hoinopbylos
2813 3957 3056 4029 perlata,
3112 3954 3331 4026 publico
3402 3952 3622 4008 decreto

379 4056 534 4109 σῖτον
587 4053 830 4122 είσάγειν
875 4055 957 4117 είς
1001 4052 1102 4124 τὴν
1134 4054 1286 4108 Χίον.
1340 4057 1700 4121 Φακεωλάτος
1729 4059 1785 4112 δὲ
1834 4061 1944 4113 ἐπεπ

2059 4056 2441 4129 impunitatem
2481 4056 2910 4124 proposuerunt,
2945 4047 2990 4102 si
3013 4045 3136 4116 quis
3163 4058 3288 4098 eum
3313 4041 3621 4112 ubicunque

385 4145 710 4200 καταπλέων
741 4145 973 4200 ἐπύθετο
1009 4146 1108 4217 τὴν
1138 4146 1270 4201 Χίον
1323 4147 1654 4215 ἑαλωκυῖαν,
1698 4151 1950 4222 ἀνέστρε‹

2058 4150 2356 4224 jugularet,
2407 4157 2465 4202 et
2497 4159 2666 4214 usque
2708 4142 2776 4197 ad
2817 4149 3045 4194 mortem
3079 4136 3197 4204 ejus
3234 4143 3488 4205 tanquam
3529 4134 3623 4187 ho-

387 4256 494 4309 φεν
517 4238 708 4301 εὐθύς·
742 4239 837 4293 καὶ
859 4239 1047 4302 ὁλκάδι
1092 4241 1158 4297 ἐκ
1206 4241 1472 4304 Γεννούας
1525 4242 1834 4314 περιτυχὼν
1868 4261 1952 4313 με·

2063 4254 2203 4301 stem
2233 4241 2494 4297 oderunt.
2524 4237 2764 4307 Augusta
2793 4243 2854 4290 ut
2894 4232 3064 4288 solam
3096 4227 3622 4298 Constantinopolim

388 4332 552 4403 γάλῃ,
593 4333 866 4403 ἐκράτησε
896 4332 1076 4407 μάχῃ,
1124 4335 1220 4392 καὶ
1250 4335 1575 4392 ἀπέκτεινεν
1615 4336 1720 4388 οὐκ
1744 4335 1953 4402 ὀλίγους

2064 4333 2170 4392 sibi
2219 4333 2464 4389 relictam
2511 4328 2647 4385 Vidit
2679 4327 2820 4390 (aliae
2869 4338 3104 4394 namque
3139 4325 3301 4376 urbes
3347 4319 3518 4374 ferme
3562 4318 3625 4370 ad

389 4425 501 4480 τῶν
529 4425 774 4478 Λατίνων
798 4428 1157 4496 μαχομένους,
1188 4428 1281 4480 καὶ
1296 4426 1566 4498 διήρπασε
1591 4426 1655 4480 τὰ
1680 4427 1954 4498 χρήματα.

2112 4441 2231 4481 nam
2263 4423 2318 4478 in
2345 4417 2708 4480 Cantacuzeni
2747 4414 3068 4470 auctoritate
3101 4413 3311 4477 erant),
3335 4425 3364 4464 a
3394 4409 3626 4478 quodam
3666 4421 3677 4431 ·

395 4517 699 4588 Πυθόμενοι
727 4518 784 4572 δὲ
807 4519 853 4570 οἱ
871 4520 928 4571 ὲν
957 4520 1169 4586 Γαλατᾷ
1198 4497 1486 4588 ὁμόφυλοι,
1516 4497 1960 4591 ψὴιρισμαὲιέγρίι⁴

2069 4511 2611 4586 MpaliceCarbonze
2662 4507 2910 4578 principe
2961 4519 3058 4574 per
3110 4502 3314 4572 legatos
3372 4497 3629 4552 auxilium

392 4611 503 4681 ψαν
549 4611 934 4664 ἀποκτιννύναι
969 4609 1326 4671 Φακεωλάτον
1445 4612 1513 4665 ἀν
1545 4628 1629 4676 τις
1685 4612 1957 4682 συντύχοι,

2070 4609 2223 4681 petit.
2251 4608 2304 4661 ls
2332 4604 2601 4676 legatione
2632 4600 2869 4672 benigne
2902 4597 3160 4658 admissa,
3198 4591 3549 4647 Theodorum
3579 4599 3635 4643 ct

396 4704 491 4756 καὶ
524 4694 726 4772 μηδένα
759 4701 965 4771 κρίνειν
1013 4700 1202 4770 φόνου,
1259 4701 1355 4754 καὶ
1371 4681 1659 4768 διέμεινεν.
1703 4681 1888 4764 αὐτοῖς
1933 4704 1961 4771 ἡ

2070 4697 2496 4768 Tomprotitzam
2531 4693 2724 4748 fratres
2763 4705 2886 4746 cum
2934 4689 3080 4741 mille
3121 4684 3340 4740 selectis
3370 4681 3635 4736 militibus

401 4771 539 4866 πρὸς
570 4771 779 4850 ἐκεῖνον
804 4794 971 4866 ἔχθρα
1011 4797 1140 4865 ἄχρι
1185 4796 1468 4864 τελευτῆς.
1500 4795 1723 4856 Βασιλὶς
1759 4795 1816 4847 δὲ
1846 4797 1966 4847 ἐπεὶ

2069 4788 2350 4859 suppetias
2412 4783 2580 4839 mittit
2626 4800 2640 4836 :
2679 4780 2772 4850 qui
2826 4787 2882 4833 et
2936 4775 3235 4832 maritimas
3287 4771 3354 4826 ad
3411 4780 3633 4841 pontum

402 4865 551 4958 ἐώρα
580 4889 747 4959 μόνην
772 4865 872 4957 την
904 4865 1316 4942 Κωνσταντίνου
1342 4888 1495 4940 πόλιν
1545 4887 1682 4956 αὐτῇ
1721 4887 1967 4956 περιλει-

2073 4882 2238 4936 nrbes
2264 4886 2634 4938 transeuntes,
2665 4889 2760 4930 eas
2785 4871 2852 4925 ab
2882 4870 3212 4939 imperatore
3236 4865 3303 4919 ad
3340 4866 3634 4932 Augustam

404 4952 668 5051 πομένιην·
697 4952 754 5034 ἀι
779 4952 886 5052 γάρ
915 4979 1074 5036 ἄλλαι
1109 4980 1296 5050 σχεδὸν
1333 4982 1504 5033 πᾶσαι
1535 4952 1969 5050 προσεχώρησαν

2074 4970 2294 5027 monitis
2350 4978 2406 5022 et
2467 4963 2707 5022 consiliis
2755 4962 2870 5017 suis
2927 4957 3296 5020 revocabant;
3347 4952 3639 5024 sperabant

407 5047 615 5142 βασιλεί
655 5071 733 5142 τῷ
783 5047 1260 5140 Κοιντακουζηνῷο
1314 5072 1448 5140 πρὸς
1493 5047 1808 5123 -Μτιαλίκαν
1850 5047 1972 5123 τινὰ

2075 5063 2220 5121 enim
2268 5061 2389 5116 illos
2445 5058 2633 5113 nescio
2691 5054 2825 5126 quid
2870 5067 3126 5122 magnum
3177 5047 3322 5102 felici
3384 5059 3640 5100 successu

405 5133 500 5216 τοῦ
548 5133 820 5234 Καρϐωνᾶ
867 5133 1415 5235 ἄρχονταπέμψασα
1457 5161 1758 5232 πρεσϐείαν
1801 5161 1970 5218 ἐδεῖτο

2079 5152 2437 5226 praestituros.
2485 5145 2807 5218 ltnpcratrix
2840 5158 2934 5197 eos
2967 5137 3259 5196 admodum
3295 5133 3556 5190 benevole
3590 5145 3644 5185 et

411 5226 650 5324 ﬂoqﬁsiv:
692 5251 750 5305 ὐ
779 5251 837 5304 δὲ
1167 5226 1239 5304 τε.
1267 5226 1487 5316 ἐδέξατο
1505 5226 1625 5320 ’τὴν
1656 5249 1976 5321 πρεσϐείαν,

2081 5247 2379 5302 honoriﬁce
2412 5241 2650 5311 excepit,
2699 5247 2754 5293 et
2789 5233 3107 5306 Apocauchi
3139 5230 3318 5300 magni
3352 5226 3506 5282 ducis
3541 5226 3643 5279 ﬁlia

409 5319 507 5399 καί
536 5344 811 5412 Θεόδωρον
841 5346 934 5398 καὶ
955 5319 1374 5414 τομπροτίτζαν
1407 5343 1534 5406 τοὺς
1561 5319 1852 5412 ἀδελφοὺς,
1889 5359 1974 5412 χι-

2078 5333 2464 5405 Tumprotitzm
2511 5332 2566 5384 in
2614 5325 2926 5397 coniugium
2983 5321 3210 5385 sociata,
3270 5319 3463 5373 ducem
3517 5331 3643 5370 eum

408 5435 558 5499 λίους
585 5435 922 5506 στρατιώτας
956 5433 1186 5502 ἄγοντας
1221 5433 1555 5497 ἐπιλέκτους,
1583 5409 1726 5487 κατά
1759 5409 1973 5501 συμμα-

2082 5425 2312 5483 Rotnani
2359 5421 2635 5478 exercitus
2680 5420 2909 5477 creavit,
2961 5415 3057 5482 qui
3113 5425 3240 5464 suas
3292 5409 3476 5478 copias
3521 5422 3645 5461 cum

417 5527 540 5598 χίαν
579 5499 796 5597 ἔπεμπε
826 5526 890 5596 τῇ
928 5499 1160 5594 βασιλίδι
1182 5541 1196 5556 ο
1241 5527 1292 5579 οἶ
1325 5524 1421 5578 καὶ
1453 5526 1554 5589 τὰς
1582 5523 1721 5578 κατὰ
1749 5499 1845 5576 τὸν
1866 5499 1982 5577 πόν-

2086 5517 2346 5575 Romanis
2385 5513 2724 5583 conjunclas,
2772 5508 3097 5577 imperatore
3144 5499 3504 5572 Didytnoticlti
3555 5502 3647 5551 tle-

1686 5683 1901 5747 Jacobi
1935 5685 2195 5744 Ponlam
2230 5687 2413 5742 noue.

512 5809 625 5881 (62)
671 5809 783 5866 Sub
809 5810 1004 5881 quibus
1037 5810 1263 5874 Latinis,
1293 5818 1344 5863 et
1376 5809 1614 5880 quandin
1650 5809 1812 5868 fuerit
1834 5805 2284 5878 Constantinupol
2309 5823 2355 5869 s,
2383 5805 2466 5861 do:
2489 5809 2668 5859 ulmus
2702 5801 2847 5857 Notis
2875 5802 2928 5855 in
2958 5800 3048 5855 lib.
3085 5816 3142 5866 ιι,
3177 5813 3290 5866 cap.
3318 5797 3404 5849 55.
