3964 6558
337 408 474 475 22Ἷ3

1449 394 1993 473 ntsronmnun
2031 412 2263 475 LIBER
2306 414 2417 477 III.

3425 412 3569 478 1274

327 520 448 577 λέα.
496 519 636 575 ’Δλλ⁹
660 518 753 574 οῦν
774 518 1013 591 εὐχερῶς
1040 520 1245 573 ἐκεῖνον
1268 520 1411 591 ἔχειν
1446 522 1660 592 βοηθεῖν
1685 539 1700 554 °
1732 524 1890 577 αὑτὸν

2000 541 2142 588 rum,
2170 535 2224 580 et
2261 526 2538 581 sincerum
2574 519 2974 594 candidumque
3014 536 3228 596 pectus,
3260 498 3410 595 quod
3445 540 3566 595 qua:

331 613 387 666 δὲ
415 611 619 682 πολλῆς
644 611 848 665 δεῖσθαι
876 612 1285 682 πραγματείας,
1320 612 1408 668 διὰ
1437 614 1725 685 ἀλλοτρίας
1758 616 1897 686 πρὸς

331 703 492 756 αὖτδν
527 702 792 771 τοντίίγῆς
817 719 832 734 ⁸
877 704 1110 777 Ὀρχάνῃ
1142 703 1198 759 δὲ
1224 704 1323 772 τὴν
1359 706 1657 777 ἀντιπέραν
1671 707 1895 779 Θρᾴκης

332 796 555 865 ῆπειρον
584 793 674 863 ὑφ’
705 795 894 859 ἑαυτὸν
941 797 1312 866 πεποιημένῳ,
1381 798 1566 868 ῥᾴδιον
1619 794 1758 851 εἶναι
1806 800 1893 852 ὅτε

332 884 574 957 βούλοιτο
629 885 821 955 ῥᾳδίαν
858 888 1134 940 ποιεῖσθαι
1186 887 1285 957 τὴν
1336 890 1693 958 ἐπικουρίαν·
1746 889 1816 943 δι’
1859 889 1895 944 ἆ

334 978 681 1033 συνεϐούλευε
733 979 793 1033 τὸ
823 979 981 1048 κῆδος
1008 981 1266 1046 ἐκτελεῖν,
1304 980 1383 1044 ὡς
1410 982 1476 1035 τὰ
1504 983 1768 1053 κράτιστα
1798 984 1893 1036 λυ-

286 1076 291 1083 ‘
333 1070 612 1137 σιτελῆσον
642 1072 756 1132 τοῖς
803 1069 1147 1139 Ῥωμαίοιςπ
1172 1072 1276 1125 κᾶν
1307 1073 1380 1142 μὴ
1423 1077 1515 1126 καὶ
1560 1064 1703 1127 πάνυ
1755 1075 1899 1129 κατὰ

328 1160 555 1230 γνώμην
581 1157 635 1233 ᾖ,
666 1162 818 1214 οὐδὲν
844 1161 898 1214 δὲ
923 1158 1168 1230 ποιήσειν
1187 1165 1334 1230 ἄξιον
1368 1165 1565 1229 αἰτίας,
1598 1170 1644 1219 εί
1671 1167 1762 1219 καὶ
1789 1168 1897 1220 τῶν

330 1254 438 1322 πρὸ
466 1254 633 1306 αὐτοῦ
670 1252 1128 1322 βεϐασιλευκότων
1179 1256 1279 1309 οὐκ
1306 1257 1478 1322 ὀλίγοι
1514 1258 1749 1322 Σκύθαις
1799 1262 1897 1314 καὶ

328 1346 509 1408 ἄλλοις
530 1347 642 1399 τισὶ
684 1344 981 1416 βαρϐάροις
1015 1347 1113 1409 τὰς
1154 1346 1462 1418 θυγατέρας
1493 1350 1766 1418 ἐξέδωκαν
1795 1353 1895 1416 τὰς

326 1438 535 1501 ἑαυτῶν
575 1439 710 1507 πρὸς
757 1438 818 1490 τὸ
865 1438 1173 1495 λυσιτελοῦν
1202 1443 1313 1505 τοῖς
1346 1442 1630 1512 ὑπηκόοις.
1661 1446 1898 1501 Τοιαῦτα

330 1530 428 1599 μὲν
456 1530 484 1581 ὁ
525 1529 729 1599 ’Δμοὺρ
762 1530 1015 1601 παρῄνει.
1066 1533 1332 1596 Βασιλεὺς
1379 1535 1439 1586 δὲ
1468 1535 1620 1608 τόοτε
1676 1538 1897 1608 μέτριον

324 1617 417 1671 τοῦ
477 1618 820 1689 φρονήματος
878 1619 1185 1689 ἐθαύμαζεν
1255 1619 1460 1691 Ἀμοὺρ
1498 1622 1579 1674 ὄτι
1631 1622 1896 1694 Ὀρχάνην

324 1708 490 1763 αὐτοῦ
554 1710 754 1777 μᾶλλον
800 1711 1067 1780 ὡμολόγει
1102 1711 1419 1775 λυσιτελεῖν,
1477 1698 1662 1767 καὶτὸ
1709 1716 1897 1770 ἄδολον

322 1800 417 1853 καὶ
458 1800 698 1872 καθαρὸν
727 1802 829 1872 τῆς
882 1804 1128 1874 γνώμης,
1166 1807 1248 1858 ὅτι
1294 1805 1331 1859 ἃ.
1363 1807 1535 1859 ἐδόκει
1564 1806 1889 1869 λυσιτελεῖν,

320 1892 420 1945 οὐκ
452 1892 855 1961 ἀπεκρύπτετο,
912 1896 1009 1948 καὶ
1041 1897 1289 1949 ἐπείθετο
1330 1896 1467 1966 πρὸς
1498 1897 1597 1968 τὴν
1622 1900 1915 1967 -παραίνε-’

320 1998 430 2037 σιν.
481 1983 716 2052 Πέμψας
761 1985 817 2036 δὲ
866 1986 1163 2054 πρεσϐείαν
1204 1989 1340 2057 πρὸς
1391 1988 1675 2059 Ὀρχάνην,
1707 1994 1805 2060 τήν
1833 2009 1891 2043 τε

320 2073 600 2143 θυγατέρα
639 2078 1010 2144 κατηγγυᾶτο,
1069 2080 1165 2132 καλ⁸
1196 2079 1463 2155 στρατιὰν(
1497 2082 1715 2136 ἐκέλευε
1752 2086 1889 2154 πέμ-

319 2181 468 2229 πειν,
525 2166 648 2234 ἥτις
692 2165 810 2232 ἄξει
867 2169 968 2237 τὴν
1026 2171 1262 2237 γυναῖκα
1316 2172 1457 2240 πρὸς
1517 2173 1700 2227 αὐτόν.
1756 2174 1813 2226 '0
1846 2175 1890 2227 δ’

318 2254 568 2324 ἔπεμπεν
585 2256 780 2309 αὐτίκα
819 2258 953 2321 ναῦς
982 2266 1039 2312 τε
1066 2263 1382 2330 τριάκοντα,
1431 2266 1524 2319 καὶ
1566 2264 1766 2329 ἱππέας
1791 2267 1891 2319 οὐκ

276 2347 555 2416 κόλίγους,
606 2351 699 2401 καὶ
754 2350 884 2414 τοὺς
943 2354 1400 2424 ἐπιφανεστέρους
1435 2356 1542 2409 τῶν
1589 2356 1887 2412 ὐπάὐτόν.
1935 2400 1953 2406 -

316 2439 581 2502 Βασιλεύς
619 2457 676 2491 τε
703 2440 839 2509 μετὰ
868 2441 968 2511 τῆς
1009 2445 1270 2513 στρατιᾶς
1313 2442 1601 2515 Ῥωμαίων
1646 2447 1745 2517 ὅση
1798 2443 1885 2518 ἦν,

313 2521 453 2598 ἧκεν
479 2530 563 2590 είς
615 2529 965 2600 Σηλυμϐρίαν
1023 2533 1163 2601 μετὰ
1196 2526 1455 2600 γυναικὸς
1486 2535 1586 2603 τῆς
1621 2535 1890 2611 βασιλίδος

315 2622 414 2673 καλ¹
455 2620 565 2674 τῶν
596 2622 933 2693 θυγατέρων,
992 2625 1086 2678 καὶ
1116 2624 1335 2678 ἐκέλευε
1375 2629 1481 2697 πρὸ
1517 2629 1615 2698 τῆς
1683 2629 1889 2693 πόλεως

314 2712 373 2763 ὲν
401 2711 481 2781 τῷ
518 2712 685 2781 πεδίῳ
719 2714 992 2783 πρόκυψιν
1027 2719 1200 2769 ποιεῖν
1248 2720 1310 2771 ἐκ
1340 2719 1532 2785 ξύλων,
1574 2719 1643 2772 ἵν’
1670 2723 1758 2773 ἐπ’
1786 2721 1887 2774 αύ-

312 2801 474 2872 τὴνή
508 2801 771 2871 βασιλέως
798 2809 1181 2877 νυμφευομένη
1218 2808 1464 2878 θυγάτηρ
1517 2813 1712 2874 στᾶσα,
1750 2816 1885 2864 πᾶσι

309 2892 530 2960 γένοιτο
555 2895 893 2965 καταφανής.
928 2895 1088 2948 Οῦτω
1120 2898 1229 2966 γὰρ
1256 2898 1377 2959 ἔθος
1409 2898 1550 2952 εἶναι
1585 2903 1696 2963 τοῖς
1728 2901 1885 2972 βασι-

312 2982 473 3038 λεῦσι
500 2986 673 3037 ποιεῖν
700 2986 794 3038 ἐπὶ
818 2987 936 3050 ταῖς
966 2986 1272 3059 θυγατράσι
1306 2989 1440 3058 πρὸς
1472 2995 1648 3060 γάμον
1679 2993 1884 3062 ἀγομέ-

311 3091 457 3141 ναις.
510 3076 745 3130 Ἔπειτα
801 3078 1018 3130 ἐκέλευε
1066 3080 1157 3132 καὶ
1203 3083 1302 3148 τὴν
1353 3081 1640 3153 βασιλικὴν
1682 3083 1887 3154 σκηνὴν

2000 614 2305 671 conducere
2338 614 2589 685 putabat,
2622 630 2745 671 non-
2778 617 3059 673 tacuisset.
3105 615 3291 686 Itaque
3325 616 3566 684 comple-

1998 711 2153 760 ctens
2181 705 2302 774 ejus
2336 705 2689 771 sententiam,
2739 720 2836 776 per
2882 705 3088 777 legatos
3116 703 3352 772 Orchani
3374 702 3561 758 ,ﬁliam

1998 794 2319 863 despondet,
2379 796 2737 865 hortaturque
2793 798 2869 852 uti
2928 812 3219 852 numerum
3271 796 3561 850 militarem

1998 889 2281 952 mitteret,
2351 904 2471 958 qua:
2520 906 2780 960 sponsam
2844 889 3163 945 adduceret.
3234 889 3336 956 Qui
3399 901 3567 942 naves

1997 981 2242 1051 triginta,
2261 990 2315 1037 et
2340 983 2584 1052 equitum
2615 997 2867 1053 magnam
2892 982 3023 1047 viut,
3050 991 3214 1050 atque
3235 996 3263 1035 e
3288 979 3565 1050 provinci]

1999 1090 2098 1130 sua
2131 1075 2282 1129 viros
2310 1075 2677 1129 nobilissimos
2707 1076 2855 1130 illico
2883 1074 3050 1130 misit.
3073 1074 3240 1146 684
3266 1074 3567 1144 Imperator

1998 1180 2120 1220 eum
2177 1173 2290 1220 toto
2348 1166 2589 1219 exercitu
2647 1166 2914 1232 Romano,
2982 1180 3218 1234 cumque
3289 1180 3455 1219 uxore
3509 1165 3562 1217 et

2000 1257 2211 1311 ﬁliabus
2266 1257 2569 1328 Selybriam
2638 1258 2961 1328 profectus,
3025 1257 3079 1311 in
3149 1258 3378 1325 planitie
3434 1269 3562 1311 ante

1998 1348 2187 1403 urbem
2238 1348 2537 1403 tabulatum
2592 1349 2833 1419 ligneum
2886 1348 3114 1405 excitari
3161 1348 3349 1416 jussit,
3396 1362 3563 1418 supt-r

1996 1455 2105 1509 quo
2162 1446 2397 1507 nuptura
2449 1440 2561 1493 ﬁlia
2605 1440 2959 1505 consistens,
3027 1440 3445 1509 conspiceretur
3496 1436 3565 1490 ab

1997 1528 2273 1583 omnibus.
2305 1530 2458 1583 ilunc
2479 1527 2625 1583 enim
2655 1542 2861 1582 morem
2887 1530 3248 1598 imperatores
3273 1527 3568 1582 servabant

1997 1620 2050 1672 iu
2082 1620 2311 1684 ﬁliabus,
2347 1635 2471 1674 cum
2501 1619 2567 1673 ad
2596 1620 2816 1689 nuptias
2850 1619 3185 1674 abducenda:
3216 1615 3557 1687 esscnt(63).

1999 1711 2200 1765 Deinde
2222 1721 2277 1765 et
2313 1712 2724 1780 imperatorium
2758 1711 3167 1766 tabernaculum
3200 1724 3368 1779 prope
3398 1708 3561 1763 statui

1996 1802 2295 1857 mandavit.
2360 1804 2573 1868 Quibus
2637 1802 2881 1872 paratis,
2945 1801 3257 1872 imperatrix
3337 1811 3392 1854 et
3442 1799 3566 1853 ﬁliae

1997 1891 2217 1957 ibidem,
2251 1896 2554 1963 imperator
2576 1894 2633 1948 in
2658 1896 2857 1949 castris
2884 1901 3103 1949 noctem
3131 1894 3265 1965 egit.
3294 1892 3565 1947 Postridie

1996 1983 2342 2051 imperatrice
2365 2000 2488 2038 cum
2520 1986 2662 2040 binis
2693 1986 2907 2040 filiabus
2932 1986 2984 2038 in
3017 1985 3254 2051 tentprio
3280 1992 3558 2047 manente,

1993 2087 2191 2141 Sponsa
2234 2073 2516 2129 'l'beodora
2570 2076 2867 2130 tabulatum
2920 2075 3263 2139 conscendit,
3309 2075 3425 2130 solo
3458 2075 3562 2127 im—

1995 2177 2245 2238 peratore
2280 2183 2420 2237 equo
2452 2167 2745 2233 insidente,
2783 2168 2997 2222 ueteris
3023 2167 3090 2221 ad
3124 2181 3288 2220 unum
3335 2165 3564 2221 astanti-

1996 2260 2122 2314 bus.
2156 2257 2293 2314 Tum
2340 2260 2779 2330 petipetasmatis
2824 2260 2880 2314 in
2914 2260 3144 2315 circuitu
3193 2259 3389 2314 ablatis
3421 2260 3566 2329 (erat

1991 2353 2138 2406 chim
2196 2350 2494 2405 tabulatum
2554 2352 2809 2421 appensis
2861 2365 2926 2405 ex
2978 2352 3128 2406 omni
3173 2360 3328 2421 parte
3370 2348 3563 2403 auleis

1991 2440 2203 2504 sericis,
2239 2449 2292 2495 et
2324 2455 2455 2495 auro
2484 2441 2795 2495 iutertextis
2842 2438 3143 2507 ornatum),
3174 2454 3377 2509 spiusa
3423 2452 3559 2493 con-

1991 2540 2178 2602 specta
2225 2540 2330 2598 est,
2364 2532 2553 2587 dextra
2587 2533 2827 2602 laevaque
2880 2532 3129 2586 accensis
3176 2529 3555 2600 lampadibus,

1992 2635 2128 2690 quas
2183 2620 2423 2676 eunuchi
2493 2622 2549 2673 in
2609 2635 2783 2691 genua
2856 2618 3205 2674 subsidentes
3273 2616 3555 2671 tenebant.

1993 2712 2347 2768 Resonabant
2368 2711 2517 2766 tuba:
2550 2721 2605 2767 et
2634 2711 2779 2765 tibiae
2810 2726 2872 2766 ac
2919 2709 3116 2764 ﬁstulae
3154 2709 3474 2779 plurimum,
3505 2716 3562 2761 et

1990 2817 2330 2873 quzecuuque
2381 2801 2448 2856 ad
2505 2816 2667 2856 aures
2708 2801 3063 2856 oblectandas
3117 2798 3186 2854 ab
3249 2798 3562 2853 hominibus

1989 2892 2353 2946 instrumenta
2380 2895 2587 2946 musica
2614 2892 2922 2961 excogitata
2949 2901 3099 2945 sunt.
3134 2890 3203 2944 lis
3229 2889 3558 2951 tacentibus,

1986 3000 2239 3044 cantores
2285 3003 2315 3040 a
2348 2970 2541 3054 poetis.
2576 2986 2766 3041 laudes
2812 2986 2865 3039 in
2916 3000 3169 3055 sponsam
3221 2986 3556 3051 compositas

1987 3080 2425 3134 modulabantur.
2475 3075 2672 3132 Finitis
2717 3078 3052 3131 solemnibus
3103 3074 3393 3135 universis,
3441 3086 3561 3141 qum

309 3168 483 3235 ἐγγὺς
507 3167 681 3237 ίσεᾷν.
722 3167 875 3221 Ἐπεὶ
905 3168 961 3221 δὲ
990 3164 1130 3239 ἦσαν
1160 3172 1677 3242 παρεσκευασμένα,
1720 3177 1752 3246 ή
1780 3176 1883 3243 βα-

1994 3172 2384 3242 imperatorum
2458 3169 2716 3232 ﬁliabus,
2792 3183 2915 3223 cum
2978 3175 3208 3237 nuptum
3267 3166 3560 3229 darentur,

308 3258 458 3322 σιλὶς
481 3257 582 3328 μὲν
611 3259 751 3325 μετὰ
780 3259 888 3313 τῶν
910 3260 1226 3332 θυγατέρων
1254 3264 1346 3315 ἐπὶ
1369 3263 1471 3334 τῆς
1499 3265 1706 3336 σκηνῆς
1735 3266 1889 3337 ηὐλί-

310 3366 452 3405 σατο
475 3350 569 3421 τὴν
591 3350 785 3414 νύκτα,
830 3353 923 3404 καὶ
950 3352 979 3404 ὁ
1036 3352 1287 3422 βασιλεὺς
1321 3358 1455 3423 μετα
1480 3357 1578 3427 τῆς
1607 3361 1883 3428 στρατιᾶς.

313 3443 413 3508 Εἰς
450 3443 552 3514 τὴν
582 3444 876 3514 ὑστεραίαν
922 3444 978 3497 δὲ
1009 3444 1220 3514 βασιλὶς
1252 3447 1353 3516 μὲν
1399 3447 1615 3518 ἔμεινεν
1667 3451 1760 3503 ἐπὶ
1788 3450 1888 3520 τῆς

318 3536 528 3603 σκηνῆς
563 3537 700 3604 μετὰ
722 3536 832 3587 τῶν
862 3536 1156 3589 ἐπιλοίπων
1186 3537 1278 3590 δύο
1310 3539 1646 3609 θυγατέρων,
1679 3542 1887 3593 Θεοδώ-

317 3643 386 3694 ρα
415 3625 476 3678 δὲ
515 3626 550 3701 ἡ
596 3627 1007 3697 νυμφευομένη,
1056 3629 1149 3681 ἐπὶ¹
1205 3628 1307 3697 τὴν
1355 3629 1627 3699 προκυψιν
1661 3632 1883 3702 ἀνῆλθε.

316 3716 583 3781 Βασιλεὺς
628 3715 683 3769 δὲ
716 3718 962 3787 εἱστήκει
1016 3717 1256 3784 ἔφιππος
1294 3721 1481 3789 μόνος·
1533 3722 1582 3772 oi
1634 3721 1688 3775 δὲ
1742 3721 1889 3777 ἄλλοι

317 3808 560 3871 ἅπαντες
595 3807 771 3872 πεζοί.
805 3807 964 3861 Οὖτω
1002 3811 1056 3862 δὲ
1091 3809 1200 3863 τῶν
1237 3813 1758 3883 παραπετασμάτων
1790 3831 1891 3885 πε-

320 3897 706 3969 ριαιρεθέντων
736 3900 1211 3971 (περικεκάλυπτο
1242 3903 1350 3973 γὰρ
1383 3905 1412 3972 ἡ
1450 3904 1723 3974 πρόκυψις
1757 3924 1891 3960 πανο

315 3991 544 4061 ταχόθεν
562 3991 843 4061 ὑφάσμασι
863 3995 1106 4063 σηριιοῖς
1141 3996 1232 4046 καὶ
1260 3994 1628 4066 διαχρύσοις),
1663 3997 1887 4067 ἀνεφαί-

318 4098 439 4136 νετο
473 4084 506 4154 ἠ
536 4082 745 4153 νύμφη,
791 4084 885 4135 καὶ
914 4085 1192 4154 λαμπάδες
1240 4081 1380 4156 ἦσαν
1419 4088 1549 4158 περὶ
1584 4088 1756 4158 αὐτὴν
1781 4092 1889 4157 ἡμ-

321 4173 483 4241 μέναι
515 4174 860 4244 ἑκατέρωθεν
878 4191 895 4206 ·
934 4174 1001 4239 ἃς
1029 4175 1270 4246 εὐνοῦχοι
1295 4178 1618 4248 κατέχοντες
1643 4179 1736 4232 ἐπὶ
1759 4183 1888 4246 γόνυ

317 4264 651 4335 κεκλιμένοι,
699 4268 800 4320 οὐκ
850 4267 1154 4336 ἐφαίνοντο.
1217 4268 1523 4338 Σάλπιγγες
1570 4269 1628 4322 δὲ
1677 4271 1890 4341 ῆχησαν

318 4356 691 4421 ἐπιπλεῖστον,
722 4357 819 4410 καὶ⁵
851 4357 1004 4412 αὐλοὶ
1028 4359 1129 4412 καὶ
1162 4359 1440 4428 σύριγγες,
1482 4361 1577 4414 καὶ
1615 4363 1715 4414 ὅσα
1753 4362 1888 4432 πρὸς

316 4448 505 4518 τέρψιν
542 4448 830 4519 ἐξεύρηται
879 4450 1207 4521 ἀνθρώποις.
1250 4452 1626 4524 Παυσαμένων
1659 4454 1714 4507 δὲ
1747 4455 1889 4508 έκεῖ-

1993 3265 2215 3329 ﬁebant,
2239 3264 2543 3333 imperator
2563 3261 2827 3316 militibus
2864 3269 2919 3315 et
2958 3257 3276 3330 proceribus
3302 3255 3563 3311 Romanis

1992 3371 2056 3413 ac
2100 3355 2359 3411 Barbaris
2400 3356 2653 3410 omnibus
2700 3354 2766 3408 ad
2810 3353 2927 3408 dies
2977 3351 3290 3421 complures
3337 3347 3562 3417 epulum

1992 3451 2163 3516 dedit,
2194 3458 2356 3519 atque
2393 3448 2468 3503 ita
2501 3449 2721 3502 demum
2764 3446 2929 3500 ﬁliam
2963 3446 3027 3498 ad
3081 3456 3343 3512 sponsum
3391 3438 3562 3493 multo

1994 3543 2189 3615 gaudio
2237 3556 2355 3595 eam
2410 3548 2793 3609 suscepturum
2845 3536 3013 3591 misit.
3062 3534 3197 3600 Quae
3248 3545 3560 3600 quanquam

1992 3634 2229 3687 Barbaro
2282 3639 2475 3702 nupta,
2528 3631 2609 3686 sic
2657 3632 2821 3683 vitam
2880 3644 3032 3682 suam
3091 3626 3351 3690 instituit,
3411 3631 3467 3677 ut
3528 3638 3559 3675 ιι

1991 3724 2261 3794 majorum
2285 3737 2508 3777 suorum
2535 3722 2704 3791 gloria
2735 3735 2843 3773 non
2873 3722 3245 3788 degeneraret.
3273 3715 3385 3769 Nec
3410 3714 3557 3768 enim

1992 3814 2169 3870 solum
2234 3829 2301 3867 ex
2350 3812 2565 3867 illorum
2607 3812 2885 3864 hominum
2920 3809 3170 3862 convictu
3215 3806 3562 3861 consuetudi—

1994 3921 2175 3973 neque
2222 3905 2429 3959 nullum
2483 3905 2538 3957 in
2592 3903 2854 3974 religione
2911 3902 3167 3955 damnum
3220 3898 3368 3960 fecit,
3434 3898 3563 3951 licet

1995 3997 2230 4052 multum
2278 4011 2343 4051 ac
2385 4010 2531 4066 saepe
2561 3996 2707 4049 aliud
2751 3996 2799 4049 ei
2843 3993 3176 4064 persuadere
3204 3998 3559 4052 conarentur,

1992 4090 2089 4146 sed
2116 4100 2171 4145 et
2211 4089 2411 4144 multos
2455 4086 2524 4142 ad
2569 4085 2863 4156 impietatis
2892 4081 3216 4139 diverticula
3270 4079 3558 4149 impulsos,

1992 4186 2058 4236 ad
2095 4181 2338 4236 veritatis
2381 4181 2631 4235 semitam
2674 4189 3119 4248 argumentorum
3153 4174 3205 4228 vi
3257 4171 3558 4227 revocavit.

1994 4272 2132 4325 Cum
2185 4280 2366 4325 autem
2397 4270 2540 4339 quod
2591 4267 2656 4323 ad
2691 4267 2815 4321 ﬁdei
2871 4266 3125 4336 mysteria
3186 4264 3396 4324 attinet,
3449 4270 3558 4314 tant

1993 4371 2309 4420 constanter
2338 4378 2398 4417 se
2441 4369 2771 4433 ὅριοι-σιμιλε
2807 4375 2904 4429 pro
2934 4372 3027 4411 sua
3064 4364 3215 4426 parte
3241 4355 3561 4421 frequenter

1995 4474 2117 4511 cum
2172 4454 2417 4525 periculo
2469 4468 2567 4523 pro
2617 4466 2682 4507 ea
2734 4458 3125 4521 propugnaret,
3182 4446 3283 4498 alia
3337 4441 3556 4497 interim

316 4557 446 4606 νων,
500 4539 752 4609 ἐγκώμια
803 4536 931 4615 ᾖδον
964 4542 1014 4594 οε
1065 4544 1293 4615 μελῳδοὶ
1334 4545 1439 4599 ὑπό
1468 4564 1633 4600 τινων
1687 4548 1884 4617 λογίω)

1994 4549 2209 4603 virtutis
2251 4547 2443 4601 decora
2500 4559 2604 4599 non
2653 4543 2977 4614 negligebat,
3047 4538 3141 4593 sed
3181 4551 3372 4592 omnes
3420 4534 3560 4588 deli—

317 4633 454 4702 πρὸς
476 4631 575 4703 τὴν
606 4630 824 4702 νύμφην
862 4636 1227 4703 πεποιημένα.
1281 4639 1435 4691 Ἐπεὶ
1469 4641 1523 4691 δὲ
1555 4639 1735 4693 πάντα
1769 4642 1889 4693 ἐτε-

318 4722 461 4774 λεῖτο
480 4722 551 4773 τὰ
578 4720 842 4790 βασιλέως
872 4723 1222 4792 προσήκοντα
1245 4723 1583 4795 θυγατράσιν
1614 4745 1676 4779 νυ
1687 4744 1895 4796 μφευο-

321 4804 534 4881 μέναις,
564 4814 664 4880 τήν
694 4826 755 4865 τε
796 4814 1077 4881 στρατιὰν,
1129 4813 1224 4866 καὶ
1269 4816 1399 4878 τοὺς
1427 4817 1485 4868 έν
1510 4817 1655 4868 τέλει
1681 4819 1893 4879 πάντας

316 4908 413 4960 καὶ
469 4907 753 4977 Ῥωμαίων
785 4909 879 4960 καὶ
922 4906 1213 4979 βαρϐάρων
1245 4909 1273 4961 ὁ
1303 4907 1559 4979 βασιλεὺς
1596 4912 1770 4965 εἱστία
1805 4911 1890 4980 ἐφ’

317 4997 530 5068 ἡμέρας
559 4998 660 5052 οὐκ
679 4996 888 5067 ὀλίγας.
920 4997 1150 5050 Ἔπειτα
1177 4997 1452 5067 ἐξέπεμπε
1486 4999 1585 5073 τὴν
1611 5000 1886 5073 θυγατέρα

317 5089 454 5156 πρὸς
514 5092 607 5142 τὶν
648 5089 815 5159 ἄνδρα
870 5088 1007 5157 μετὰ
1062 5087 1265 5159 πολλῆς
1320 5089 1718 5159 ὑποδεξάμενον
1787 5092 1887 5163 τῆς

315 5179 529 5250 ἡδονῆς,
566 5181 599 5251 ἢ
631 5180 723 5232 καὶ
756 5182 830 5248 τῷ
856 5179 1115 5251 βαρϐάρῳ
1147 5178 1490 5247 συνοικοῦσα,
1517 5180 1615 5251 τῆς
1637 5180 1887 5245 εὐκλείας

315 5272 423 5324 τῶν
457 5271 706 5340 πατέρων
734 5271 887 5337 ἀξίαν
913 5272 1112 5341 ἑαυτὴν
1142 5274 1198 5323 ἐν
1226 5272 1305 5339 τῷ
1333 5271 1711 5325 πολιτεύεσθαι
1738 5290 1885 5345 παρ-

1990 4640 2103 4693 cias
2163 4651 2229 4693 ac
2281 4634 2740 4705 magniﬁcentiam
2786 4632 2970 4686 valere
3014 4631 3235 4697 jubens,
3271 4626 3561 4680 facultates

1989 4730 2281 4800 egentibus
2330 4726 2694 4781 distribuebat
2736 4741 2753 4781 :
2812 4723 3121 4790 multosque
3173 4718 3427 4771 Barbaris
3503 4716 3558 4768 in

1994 4818 2314 4872 servitutem
2362 4817 2633 4880 venditus,
2667 4814 2807 4885 lytro
2848 4812 3123 4883 persoluto
3169 4811 3282 4879 ipsa
3330 4805 3560 4860 redime-

1991 4913 2127 4978 bat;
2191 4918 2247 4964 et
2301 4910 2561 4964 Romanis
2616 4907 2870 4961 omnibus
2932 4901 3275 4958 incommoda
3338 4900 3553 4951 fortuna

1998 5001 2307 5065 tuentibus,
2364 5009 2527 5069 atque
2589 5000 2642 5052 in
2694 4998 3012 5052 servitutem
3061 5009 3090 5048 a
3140 4991 3393 5046 Barbaris
3452 4988 3560 5040 Deo

1993 5093 2342 5164 permittente
2382 5090 2640 5154 redactis,
2674 5098 2865 5159 portus
2910 5085 3104 5140 salutis
3140 5090 3278 5136 erat.
3312 5078 3405 5133 Szc
3460 5078 3560 5146 igi-

1994 5194 2082 5238 tur
2110 5184 2199 5237 illa
2224 5184 2466 5253 quandiu
2513 5184 2654 5236 inter
2700 5180 2969 5235 Barbaros
3007 5177 3161 5241 vixit,
3198 5174 3368 5229 vitam
3404 5185 3559 5225 suam

1994 5277 2061 5331 ad
2092 5292 2256 5332 omne
2288 5290 2475 5347 genus
2493 5276 2713 5332 virtutis
2744 5272 3071 5343 composuit.

314 5367 507 5434 είχετο.
543 5368 616 5417 Οὐ
649 5363 808 5434 μόνον
836 5366 944 5435 γὰρ
977 5365 1043 5419 ὲκ
1106 5364 1204 5435 τῆς
1235 5365 1617 5436 συνδιατριϐῆς
1681 5362 1909 5421 ἐκείνων
1947 5369 2269 5442 παρεϐλάϐη
2310 5371 2450 5424 κατὰ
2478 5371 2578 5441 τὴν
2608 5371 2790 5422 πίστιν
2821 5368 2994 5431 οὐδὲν,
3030 5363 3210 5418 καίτοι
3264 5377 3328 5431 γε
3392 5358 3562 5415 πολλὰ

319 5455 579 5519 πολλάκις
612 5454 1034 5527 ἐπιχειρούντων
1098 5458 1472 5527 μεταπείθειν,
1505 5458 1641 5512 ἀλλὰ
1696 5461 1789 5513 καὶ
1818 5461 2048 5528 πολλοὺς
2078 5464 2195 5537 τῶν,
2250 5464 2385 5536 πρὸς
2410 5463 2509 5534 τὴν
2534 5463 2793 5517 ἀσέϐειαν
2814 5459 3173 5530 ὑπαχθέντων
3228 5455 3564 5511 ἀνεκαλέσα-

1589 5621 1803 5684 Jacobi
1835 5624 2101 5685 Pontant
2137 5634 2320 5688 noue.

391 5740 505 5823 (63)
546 5742 805 5816 Exempla
848 5743 1017 5801 moris
1060 5742 1225 5817 hujus
1275 5759 1373 5816 ego
1426 5742 1568 5799 nulla
1620 5745 1882 5807 hactenus
1919 5746 2022 5823 legi
2049 5766 2062 5803 :
2090 5764 2189 5805 nec
2223 5762 2399 5804 tamen
2431 5733 2751 5804 historic-tim
2818 5744 2959 5799 istuc
2992 5742 3221 5799 temere'
3255 5735 3554 5795 animus”

322 5822 476 5880 puto.
