3964 6596
268 414 406 482 1277

1393 396 1934 472 nis'ronunun
1980 407 2216 469 LIBER
2255 408 2377 469 ιιι.

3369 399 3507 466 1278

260 528 312 582 οἱ
340 522 467 594 περὶ
497 520 659 576 αὺτὸν
714 519 917 586 πολλάς
943 519 1262 594 ὡμολόγουν
1302 522 1533 595 χάριτας
1560 521 1703 591 Θεῷ,
1737 520 1830 573 οὗ·

1953 536 2058 574 ἰιιη
2115 530 2169 576 et
2220 522 2450 576 aliorum
2517 517 2717 573 auxilia
2773 515 2909 572 nihil
2955 514 3299 587 profuerunt,
3352 516 3506 569 vidc~

260 633 369 680 τως
395 615 459 668 ἐκ
479 612 733 684 χαλεπῶν
753 613 1019 667 κινδύνων
1047 613 1297 685 ρυομένῳ
1327 613 1574 686 βασιλέα.
1607 612 1829 675 Βασιλὶς

260 707 317 761 δέ
341 708 375 777 ἡ
398 707 567 760 ιἍννα
589 704 687 759 παλ⁵
717 704 767 758 οί
819 704 949 775 περ)⁸
978 704 1150 776 αὐτὴν
1192 706 1305 759 τῶν
1354 704 1700 774 πραγμάτων
1730 702 1833 771 ἇρς

262 813 469 868 χοντες,
525 796 648 848 ἐπεὶ
705 794 856 866 παρά
880 811 940 848 τε
992 794 1343 866 τῆςᾹῙυσών
1375 795 1694 864 συμμαχίας
1734 794 1830 844 καὶ

264 889 374 943 τῶν
423 886 603 942 ἄλλων
653 887 861 958 ὥνηντο
907 887 1084 954 οὐδὲν,
1139 886 1409 960 Ὀρχάνην
1460 903 1518 940 τε
1569 885 1831 941 ἀδύνατον

266 985 454 1054 ἐώρων
485 983 834 1053 μεταπείθειν
889 984 1024 1054 πρὸς
1060 982 1515 1053 Καντακουζηνὸν
1545 980 1638 1034 τὸν
1674 979 1831 1049 βασις

263 1077 363 1129 λέα
396 1075 653 1145 πολεμεῖν
680 1074 769 1128 διὰ
799 1072 860 1127 τὸ
881 1074 1375 1145 κῆδος,ἐτράποντο
1406 1074 1498 1127 ἐπὶ
1528 1073 1589 1127 τὸ
1624 1071 1837 1125 πείθειν

265 1166 451 1238 ἐτερόν
482 1182 604 1220 τινα
629 1166 739 1221 τῶν
769 1166 1066 1237 βαρϐάρων
1114 1169 1430 1237 συμμαχεῖν
1460 1167 1665 1228 αὐτοῖς.
1725 1162 1837 1217 Καὶ

266 1251 584 1322 πέμψαντες
615 1253 860 1324 Τάγαριν
887 1253 1160 1325 Γεὼργιον
1200 1256 1290 1309 τὸν
1320 1254 1496 1325 μέγαν
1526 1269 1835 1325 στρατοπε·

266 1344 474 1414 δάρχην
531 1343 671 1415 πρὸς
717 1346 1005 1417 Σαρχάνην
1039 1346 1129 1399 τὸν
1156 1347 1361 1408 Λυδίας
1392 1341 1684 1418 σατξᾶπην
1711 1361 1725 1376 ο
1770 1339 1840 1415 ἦν

267 1436 379 1505 γὰρ
408 1435 557 1505 αὐτῷ
584 1438 682 1489 καὶ
713 1437 955 1508 συνήθης
1005 1439 1272 1508 πρότερον
1324 1437 1418 1491 ἐπὶ
1446 1436 1842 1505 Φιλαδέλφειαν

268 1528 439 1581 πολὺν
463 1528 656 1598 χρόνον
671 1527 750 1600 τῷ
775 1530 944 1599 πατρὶ
966 1530 1428 1601 συνδιατρίψαντιο
1451 1530 1661 1583 ἐδέοντο
1690 1528 1843 1600 σφίσι

271 1618 487 1687 βοηθεῖν
543 1620 639 1672 καὶ
676 1620 919 1689 πέμπειν
958 1621 1100 1673 κατά
1138 1620 1407 1690 βασιλέως
1447 1619 1733 1689 στρατιάν.
1779 1618 1840 1671 '0

269 1708 324 1762 δὲ
353 1704 555 1763 αὐτίκα
581 1726 642 1763 τε
666 1711 942 1777 ἐπείθετο,
977 1713 1073 1766 καὶ
1105 1711 1483 1781 συνεξέπεμπε
1512 1710 1590 1780 τῷ
1624 1711 1841 1781 Τάγαρι

269 1798 370 1868 τὴν
399 1798 651 1868 δύναμιν.
694 1799 900 1871 ’Δμοὺρ
947 1800 1005 1853 δὲ
1052 1800 1127 1864 ὡς
1171 1800 1404 1854 ἐπύθετο
1454 1801 1554 1869 τὴν
1584 1801 1837 1869 Σαρχάνη

272 1860 1023 1964 στρατιὰν-Μοῦσαναιατά
1062 1860 1349 1964 βασιλέως,
1392 1860 1546 1948 δεινά
1578 1860 1840 1957 ἐποιεῖτο,
1871 1860 1914 1914 Β

272 1989 367 2035 καὶ
390 1983 633 2037 ἐπίνοιάν
661 2000 785 2038 τινα
823 1986 1119 2039 ἐσκέπτετο
1143 1986 1209 2039 δι’
1236 1981 1304 2057 ἧς
1335 1986 1547 2050 ἐξέσται
1592 1986 1669 2053 τῷ
1703 1986 1844 2053 φίλῳ

270 2074 512 2144 βοηθεῖν.
544 2075 651 2129 Καὶ
674 2075 1089 2146 ἀπολεξάμενος
1122 2075 1215 2129 δύο
1242 2077 1353 2129 τῶν
1381 2076 1512 2147 παρ’
1542 2076 1690 2145 αὐτῷ
1721 2077 1845 2129 ἐπι-

275 2165 484 2234 φανῶν,
522 2164 617 2229 οὓς
647 2167 765 2238 ᾔδει
796 2166 1032 2236 μάλιστα
1077 2168 1149 2221 τά
1179 2167 1319 2223 κατὰ
1348 2168 1575 2238 γνώμην
1605 2168 1844 2237 πράξον-

270 2270 395 2318 τας,
421 2255 697 2326 ἐξέπεμπε
732 2255 828 2309 καὶ
865 2255 1159 2326 δισχιλίους
1183 2254 1524 2323 στρατιώτας
1568 2255 1847 2327 παρασχό-

278 2362 462 2416 μενος,
499 2347 583 2409 ὡς
604 2346 721 2416 ἅμα
743 2348 809 2418 τῇ
842 2348 1097 2417 Σαρχάνη
1124 2346 1355 2417 στρατιᾷ
1391 2346 1847 2417 περαιωθησομέ-

274 2455 401 2502 νους
456 2440 593 2510 πρὸς
656 2439 756 2511 τὴν
811 2440 1054 2511 Θρᾴκην.
1098 2439 1262 2502 Ἕθος
1319 2438 1429 2511 γὰρ
1469 2438 1683 2502 τούτοις
1732 2439 1847 2502 τοῖς

279 2530 597 2601 βαρϐάροις,
650 2532 782 2585 ὅταν
810 2531 904 2584 ἐπὶ
950 2530 1244 2599 λεηλασίαν
1288 2529 1462 2592 ἴωσιν,
1503 2529 1571 2583 ἄν
1610 2545 1759 2592 τινες
1787 2529 1847 2596 ἐξ

278 2621 470 2691 ἐτέρας
498 2621 833 2693 σατραπείας
857 2620 1084 2675 ἐθέλωσι
1116 2621 1470 2685 συνέπεσθαι,
1495 2620 1571 2691 μὴ
1591 2620 1848 2687 κωλύειν,

278 2712 418 2766 ἀλλὰ
466 2713 561 2765 καὶ
610 2711 811 2770 ειδέναι
866 2698 1027 2786 χάριῦ
1053 2711 1131 2775 ὠς
1175 2711 1353 2781 φίλοις
1396 2713 1493 2766 καὶ
1517 2712 1848 2782 συμμάχοις.

290 2803 545 2858 Ἐκέλευε
573 2802 631 2858 δέ
677 2803 891 2872 ’Δμοὺρ
934 2806 1046 2866 τοῖς
1080 2807 1212 2874 παρ’
1270 2804 1468 2861 ἑαυτοῦ
1516 2804 1851 2874 πεμφθεῖσιν

278 2893 561 2964 ἄρχουσιν,
591 2893 669 2958 ὡς
717 2892 786 2947 ἂν
837 2894 936 2963 μὶν
968 2893 1347 2950 διαλλάττοιτο
1385 2895 1521 2965 πρὸς
1554 2895 1780 2965 βασιλέα
1816 2896 1851 2966 ἠ

283 2986 543 3063 Σαρχάνη
598 2985 872 3061 στρατιάο
928 2983 1140 3038 οἴεσθαι
1201 2986 1313 3056 γὰρ
1366 2986 1567 3048 αὐτοὺς
1629 2986 1856 3057 βασιλέα

281 3078 497 3130 πείσειν
540 3074 930 3136 κατατίθεσθαι
956 3075 1051 3128 τδν
1077 3076 1215 3147 πρὸς
1243 3078 1452 3131 ἐκεῖνον
1483 3076 1723 3146 πόλεμον
1756 3076 1853 3129 καὶ

1934 622 2172 683 runtque
2205 628 2484 684 nunquam
2514 614 2651 678 fore,
2693 618 2753 664 ιιι
2797 608 3036 665 Orchani
3083 608 3229 663 aliud
3274 621 3500 677 persua—

1932 705 2146 774 derent,
2174 720 2409 774 eumque
2439 704 2507 760 ad
2540 704 2981 759 Cantacuzcnum
3030 715 3284 771 socerum
3331 715 3503 768 oppu-

1933 801 2206 869 gnandum
2253 797 2597 859 inducerent,
2638 794 2706 849 ad
2741 794 2879 848 alius
2929 792 3145 847 Barbari
3180 791 3498 846 societatem

1937 896 1993 943 ει
2013 887 2274 942 auxilium
2324 884 2746 956 implorandum
2777 898 2900 940 sese
2947 889 3354 937 converterunt.
3401 880 3509 933 lta-

1935 996 2041 1052 que
2068 979 2358 1051 Georgium
2389 977 2620 1050 Tagarin
2642 1017 2659 1042 ,
2686 990 2939 1048 magnum
2966 972 3492 1043 stratopedarcham.

1903 1065 1914 1084 ‘
1937 1070 2002 1126 ad
2023 1070 2356 1128 Sarchanem
2377 1068 2556 1141 Lydiae
2575 1078 2844 1139 satrapam
2860 1068 2908 1123 ei
2933 1066 3254 1121 familiarem
3285 1063 3507 1133 (quippe

1937 1163 2031 1234 qui
2060 1177 2183 1217 cum
2224 1173 2378 1232 patre
2419 1160 2595 1232 ipsius
2637 1158 2934 1215 Sarchanis
2975 1153 3368 1225 Philadelphire
3411 1153 3508 1207 diu

1939 1261 2190 1307 versatus
2228 1249 2430 1321 luerat)
2464 1249 2711 1317 mittunt,
2745 1254 2800 1305 et
2832 1263 2990 1319 opem
3039 1247 3299 1301 adversus
3333 1243 3513 1310 impc-

1939 1356 2173 1398 ratorem
2196 1340 2457 1413 ﬂagitant.
2485 1340 2539 1397 Is
2564 1338 2854 1400 confestim
2883 1338 3075 1401 flexus,
3100 1334 3294 1407 Tagari
3325 1331 3513 1401 copias

1942 1433 2122 1490 tradit.
2152 1433 2410 1488 Amurius
2439 1440 2501 1486 ut
2533 1430 2601 1487 ad
2635 1431 2756 1501 ejus
2779 1445 2942 1485 aures
2973 1428 3147 1494 venit,
3176 1426 3509 1481 Sarchanem

1941 1536 2130 1581 contra
2161 1525 2545 1595 imperatorem
2578 1523 2797 1581 mittere
2830 1521 3084 1586 militem,
3122 1519 3305 1587 iniqua
3328 1525 3512 1571 mente

1944 1619 2084 1685 tulit,
2112 1629 2166 1672 et
2193 1618 2452 1688 quiddam
2483 1625 2827 1673 commentus
2852 1626 2959 1682 est,
2981 1631 3093 1685 quo
3116 1616 3291 1668 amico
3326 1612 3507 1681 cpitu-

1942 1710 2169 1764 laretur.
2221 1707 2461 1763 Delectis
2490 1708 2637 1762 enim
2670 1708 2737 1763 de
2776 1707 2891 1762 suis
2934 1706 3150 1761 duobus
3182 1702 3513 1768 illustribus,

1946 1816 2086 1870 quos
2115 1800 2217 1854 sibi
2251 1799 2304 1852 in
2338 1799 2529 1869 primis
2556 1798 2916 1854 obsecuturos
2947 1796 3324 1866 norat,iisque
3355 1795 3514 1848 attri-

1945 1894 2086 1949 butis
2099 1890 2573 1959 duobusmillihus,
2589 1890 2745 1946 simul
2760 1905 2882 1945 cum
2904 1889 2971 1943 Sa
2981 1889 3193 1944 rchanis
3208 1884 3524 1943 cohortibus

1943 1985 2000 2039 in
2026 1984 2317 2040 Thraciam
2344 1984 2671 2054 trajecturos
2703 1981 2869 2036 misit.
2894 1979 3022 2033 Erat
3048 1968 3192 2034 enim
3227 1979 3369 2051 apud
3384 1978 3520 2031 Bar-

1944 2076 2104 2131 baros
2153 2074 2287 2130 istos
2330 2074 2594 2141 solemne,
2637 2089 2764 2129 cum
2804 2073 3117 2142 populatum
3164 2072 3327 2136 irent,
3356 2070 3403 2126 si
3451 2084 3519 2124 ex

1945 2169 2051 2222 alia
2088 2167 2324 2239 satrapia
2359 2176 2546 2222 essent
2578 2167 2668 2237 qui
2713 2165 2871 2236 sequi
2904 2171 3194 2235 cuperent,
3236 2179 3307 2218 nc
3336 2162 3522 2233 prohi-

1944 2262 2227 2328 berentur,
2257 2260 2390 2330 quin
2421 2267 2479 2314 et
2505 2258 2691 2328 gratiae
2717 2266 2778 2312 ut
2806 2256 2996 2311 amicis
3026 2265 3083 2311 et
3128 2255 3293 2311 sociis
3346 2254 3520 2309 babe-

1948 2361 2156 2407 rentur.
2190 2349 2483 2422 Imperavit
2506 2342 2708 2404 'autem
2736 2348 2965 2404 ducibus
2993 2347 3132 2411 suis,
3186 2354 3249 2401 ut
3294 2345 3341 2401 si
3388 2343 3524 2400 Sar-

1948 2442 2143 2499 chanis
2166 2444 2338 2513 copia:
2374 2443 2697 2513 imperatori
2729 2443 3222 2498 reconciliarentur
3246 2441 3525 2510 (arbitrari
3546 2438 3559 2448 ’

1949 2536 2098 2591 enim
2126 2549 2206 2600 se,
2235 2549 2361 2589 cum
2388 2548 2453 2589 ex
2484 2535 2729 2590 hostibus
2781 2534 2882 2590 sibi
2912 2532 3117 2588 amicos
3146 2542 3201 2587 et
3229 2531 3523 2611 auxiliares

1951 2625 2336 2694 redditurum),
2371 2638 2472 2678 nec
2520 2625 2629 2695 ipsi
2681 2639 2943 2679 arcanum
3000 2622 3375 2686 enuntiarent,
3431 2620 3526 2675 scd

1953 2732 2083 2772 cum
2130 2717 2251 2771 aliis
2299 2716 2367 2770 ad
2419 2717 2809 2786 imperatorem
2852 2716 3170 2770 transirent.
3221 2711 3319 2768 Sin
3375 2713 3526 2769 illum
3630 2756 3641 2767 ι

1954 2807 2101 2864 serio
2122 2821 2440 2879 oppugnare
2469 2807 2690 2872 vellent,
2717 2807 2854 2862 clam
2881 2807 3184 2873 mitterent,
3218 2814 3272 2861 et
3304 2805 3373 2859 ad
3399 2805 3531 2858 Bar~

1955 2901 2101 2977 baris
2155 2900 2523 2955 resistendum
2581 2901 2958 2956 hortarentur.
3011 2899 3322 2969 Dispertitis
3365 2912 3531 2966 porro

1956 2994 2258 3058 ordinibus,
2288 2993 2575 3065 ingruente
2599 2992 2712 3063 jam
2740 2991 3018 3059 conﬂictu,
3050 2994 3116 3046 ad
3145 2993 3532 3063 imperatorem

1961 3085 2384 3156 transfugerent,
2444 3093 2500 3139 et
2553 3098 2678 3138 cum
2728 3082 2879 3138 illius
2911 3084 3126 3155 agmine
3164 3084 3221 3139 in
3262 3081 3534 3136 Barbaros

285 3170 619 3241 συμμαχετνο
667 3169 790 3241 μηδ’
824 3170 1025 3233 αὐτοὺς
1055 3169 1465 3225 ἀποκαλύπτειν
1497 3170 1561 3224 τὸ
1610 3171 1851 3243 ἀπόρρηο

1960 3179 2377 3250 impressionem
2444 3178 2710 3234 facerent.
2779 3176 2927 3231 Talia
2979 3177 3211 3231 ducibus
3273 3174 3536 3245 praecepit

282 3279 399 3327 τον,
431 3261 568 3315 ἀλλὰ
609 3262 750 3331 μετὰ
778 3259 887 3315 τῶν
918 3261 1094 3316 ἄλλων
1116 3262 1255 3334 πρὸς
1283 3263 1377 3316 τὸν
1416 3262 1642 3333 βασιλέα
1671 3264 1851 3336 ἥκειν.

289 3356 389 3405 Ἂν
417 3353 462 3406 δ’
483 3351 744 3409 ἐθέλωσιν
772 3355 971 3417 ἐκεῖνοι
1004 3355 1260 3427 πολεμεῖν
1284 3355 1360 3420 ὡς
1392 3356 1631 3429 ἀληθῶς,
1668 3359 1855 3429 κρύφα

284 3447 613 3516 πέμψαντας
650 3448 788 3519 πρδς
814 3448 1057 3518 βασιλέα,
1100 3442 1391 3518 παραινεῖν
1422 3451 1571 3521 αὖτῷ
1620 3452 1854 3504 ἀντικα-

285 3540 578 3594 θίστασθαι
609 3541 746 3611 πρὸς
787 3541 968 3611 μάχην
999 3543 1114 3603 τοῖς
1147 3540 1466 3613 βαρόἀροις.
1503 3542 1768 3595 -Ἓπειδάν
1797 3542 1855 3595 δέ

281 3627 388 3687 ὦσι
411 3633 1012 3702 παρατεταγμένοι,καὶ
1035 3633 1137 3702 ἠδη
1159 3632 1395 3702 μέλλωσι
1413 3632 1854 3711 συμπλέκεσθαι,

290 3725 651 3798 μεθίστασθαι
705 3722 844 3793 πρὸς
875 3723 1129 3794 βασιλέα,
1186 3727 1279 3778 καὶ
1336 3726 1533 3795 χωρεῖν
1562 3723 1704 3778 κατὰ
1748 3724 1858 3779 τῶν

290 3816 586 3889 βαρϐάρων
616 3815 757 3887 μετὰ
792 3816 891 3886 τῆς
920 3817 1131 3872 ἐκείνου
1162 3818 1447 3885 στρατιᾶς.
1480 3818 1607 3879 Τοῖς
1640 3815 1738 3888 μὲν
1766 3813 1859 3871 οὖν

286 3909 520 3978 ἄρχουσι
557 3907 657 3975 τῆς
698 3908 961 3978 στρατιᾶς
1019 3906 1164 3965 οὕτω
1197 3908 1565 3979 προσέταττεν
1627 3907 1858 3979 Ἀμοὺρ,

290 3998 524 4068 μηδενὸς
555 3998 740 4060 αὐτοῖς
763 3998 954 4068 ἐτέρου
989 3998 1295 4062 συνειδότος
1319 3999 1380 4052 τὸ
1397 3999 1861 4072 ἀπόρρητονποὶς

290 4089 652 4161 στρατιώταις
680 4091 739 4145 δέ
766 4091 987 4144 ἐκέλευε
1007 4092 1185 4145 πάντα
1204 4090 1488 4145 πείθεσθαι
1511 4093 1626 4154 τοῖς
1649 4090 1860 4162 ἄρχου.

291 4199 371 4247 σι,
408 4183 500 4236 καὶ
527 4180 730 4253 μηδένα
756 4183 1255 4254 πολυπραγμονεῖν,
1277 4184 1354 4248 ὡς
1376 4184 1429 4238 εί
1449 4200 1531 4247 τις
1557 4183 1633 4254 μὴ
1654 4183 1864 4237 πείθοι·-

289 4290 375 4337 το,
406 4273 574 4326 αὑτοῦ
599 4276 694 4328 καὶ
724 4274 917 4343 γένους
936 4273 1475 4345 διαφθαρησομένου.
1496 4273 1736 4335 Τοιαῦτα
1762 4273 1863 4344 μέν

286 4368 320 4420 ὸ
357 4366 559 4437 Ἁμοὺρ
579 4366 940 4434 συσκευάσας,
968 4366 1105 4437 μετά
1129 4367 1242 4421 τῶν
1279 4365 1454 4421 ἄλλων
1478 4366 1861 4438 συνεξέπεμπε

286 4455 391 4526 τὴν
414 4456 694 4527 στρατιάν.
726 4458 973 4527 Τάγαρις
1000 4457 1058 4513 δέ
1100 4458 1131 4511 ὁ
1170 4457 1345 4528 μέγας
1378 4456 1860 4529 στρατοπεδάρχης

290 4548 504 4610 πάντας
541 4547 682 4618 ἔχων
734 4548 871 4617 ὁμοῦ
892 4586 906 4612 ,
931 4547 1257 4618 ἐπεραιοῦτο
1296 4549 1404 4618 σι-δν⁸
1443 4547 1858 4619 Ἑλλήσποντον.

290 4641 404 4693 Καὶ
430 4641 458 4692 ὁ
493 4636 747 4708 βασιλεὺς
778 4638 905 4691 ἐπεὶ
931 4637 1033 4708 τὴν
1060 4638 1323 4707 στρατιὰν
1350 4638 1582 4693 ἐπύθετο
1621 4656 1861 4711 περαιω-

292 4730 504 4792 θεῖσαν,
545 4728 663 4798 ἆμα
692 4727 753 4782 δὲ
804 4728 883 4791 ὥς
920 4729 969 4783 οί
1019 4728 1228 4800 ταύτην
1264 4730 1493 4798 ἄγοντες
1543 4732 1866 4801 στρατηγοὶ,

286 4820 404 4874 τῶν
434 4820 607 4889 φίλων
652 4820 764 4873 εἰσὶ
805 4821 903 4873 καὶ
958 4819 1068 4874 τῶν
1106 4819 1374 4892 συνήθων,
1404 4821 1498 4874 τὸν
1540 4819 1860 4890 Δοιδορίτην

292 4913 390 4965 καὶ
429 4910 681 4965 Ἀθιανὸν
730 4910 952 4981 πέμψας
987 4909 1126 4980 πρὸς
1152 4911 1372 4974 αὐτοὺς.
1414 4909 1657 4985 παρῄνει
1695 4926 1870 4964 κατα-ο

290 5004 543 5061 τίθεσθαι
566 5006 660 5059 τὸν
687 5005 929 5076 πόλεμον
965 5004 1063 5060 τὸν
1109 5004 1248 5076 πρὸς
1296 5003 1461 5057 αὐτόν
1487 5020 1504 5036 ο
1530 5005 1631 5058 καὶ
1689 5004 1871 5062 πάντα

289 5104 466 5151 τόπον
496 5098 775 5169 ἐπεχείρει
810 5098 1024 5152 πείθειν
1049 5097 1386 5168 ἀφίστασθαι
1422 5095 1519 5154 τοῦ
1548 5096 1668 5152 κατ’
1698 5095 1868 5149 αὑτοῦ

289 5190 517 5260 χωρεῖν.
547 5190 613 5242 Οί
646 5189 747 5260 μὲν
771 5188 869 5245 οὖν
903 5190 1057 5255 ἄλλοι
1101 5189 1214 5245 τῶν
1256 5187 1550 5259 ἡγεμόνων
1607 5188 1709 5241 οὐκ
1742 5186 1873 5257 ἀφί-

298 5297 505 5335 σταντο
534 5281 632 5336 τοῦ
656 5282 924 5353 πράττειν
961 5282 1028 5337 τά
1060 5281 1202 5339 κατὰ
1231 5281 1461 5352 γνώμην
1493 5278 1572 5351 τῷ
1590 5279 1742 5350 σφῶν
1776 5295 1874 5332 σα·-

286 5371 507 5443 τράπῃ·
530 5371 748 5444 άληθῶς
774 5373 885 5442 γάρ
910 5372 1281 5444 ἐπέμφθησαν
1295 5373 1422 5427 κατ’
1452 5370 1640 5425 αὑτοῦ.
1673 5370 1871 5441 Ὅμως

286 5464 356 5518 δέ
399 5481 558 5529 τινας
595 5466 694 5519 xui.
746 5465 1124 5534 χρηστοτέρας
1170 5464 1497 5535 παρείχοντο
1526 5462 1769 5526 ἐλπίδας.
1803 5462 1870 5515 οι

282 5558 397 5627 τῆς
453 5558 662 5630 ’Δμοὺρ
717 5557 772 5611 δέ
820 5558 1085 5628 στρατιᾶς
1131 5558 1431 5628 ἡγούμενοι
1501 5557 1743 5627 ἐμήνυον
1806 5553 1871 5607 τδ

290 5651 610 5720 ἀπόρρητον
655 5648 736 5719 τῷ
787 5648 1023 5720 βασιλεῖ,
1078 5649 1175 5702 καὶ
1205 5649 1481 5720 παρῄνουν
1512 5665 1573 5701 τε
1620 5646 1871 5719 θαρρεῖν,

292 5742 399 5794 καὶ
431 5739 961 5810 παρασκευάζεσθαι
994 5740 1132 5808 πρὸς
1175 5739 1358 5810 μάχην
1400 5740 1467 5795 ἂν
1502 5738 1751 5793 ἐπίωσιν.
1805 5737 1868 5789 Οἱ

294 5832 405 5904 μιν
428 5828 522 5890 οὖν
548 5832 810 5904 πρέσϐεις
833 5831 1064 5903 τάχιστα
1081 5832 1495 5897 ἐπανελθόντες,
1515 5828 1871 5901 ἀπήγγελλον

1956 3272 2240 3336 Amurius,
2291 3286 2413 3342 quae
2457 3270 2697 3341 reliquos
2745 3266 3003 3323 fallebant
3051 3281 3267 3322 omnes.
3335 3264 3539 3321 Milites

1951 3348 2088 3419 °vero
2111 3363 2313 3418 omissa
2346 3362 2668 3420 curiositate
2695 3360 2929 3417 ducibus
2960 3375 3056 3431 per
3094 3358 3279 3414 omnia
3323 3359 3537 3420 obtemo

1958 3471 2147 3527 perare
2181 3454 2365 3527 jussit.
2395 3455 2498 3522 Qui
2527 3470 2691 3511 secus
2731 3454 2975 3518 fecisset,
3021 3468 3145 3508 cum
3173 3466 3376 3524 genere
3429 3463 3536 3505 suo

1960 3550 2288 3620 periturum.
2322 3546 2709 3619 llujusccmodi
2742 3546 2926 3602 dolum
2967 3544 3315 3599 machinatus
3359 3539 3533 3595 Amu«

1959 3642 2097 3707 rius,
2128 3656 2251 3694 cum
2286 3640 2410 3694 aliis
2440 3655 2571 3695 suos
2604 3639 2803 3693 emisit.
2836 3636 3061 3707 Tag‘aris
3108 3651 3231 3691 cum
3276 3634 3539 3690 omnibus

1960 3733 2142 3790 Persis
2170 3731 2576 3801 Hellespontum
2614 3728 2845 3811 trajecit.
2888 3727 3053 3798 687
3102 3726 3402 3795 Imperator
3437 3724 3531 3779 ubi

1959 3824 2258 3879 exercitum
2281 3829 2671 3884 transvectum,
2698 3826 2753 3873 et
2780 3818 2940 3873 simul
2966 3818 3222 3872 ductores
3243 3816 3447 3871 amicos
3477 3830 3548 3873 ac

1958 3916 2249 3972 familiares
2263 3927 2384 3968 esse
2408 3910 2638 3982 accepit,
2666 3926 2762 3980 per
2793 3907 3117 3965 LmJoritem
3156 3916 3212 3962 et
3241 3907 3538 3961 Atbianum

1960 4005 2193 4070 monuit,
2229 4005 2308 4060 uti
2348 4001 2494 4057 bello
2539 4010 2731 4056 contra
2775 4014 2855 4054 se.
2881 3997 3349 4069 supersederent;
3384 3995 3531 4067 quod

1962 4106 2023 4153 ιιι
2047 4097 2114 4152 ab
2159 4095 2268 4151 illis
2315 4095 2614 4157 obtineret,
2667 4091 2914 4147 tentahat
2959 4088 3168 4145 omnia.
3216 4087 3323 4141 Alii
3377 4086 3544 4160 igitur

1960 4188 2150 4253 duces,
2196 4200 2317 4257 quae
2370 4199 2570 4256 cupere
2624 4191 2893 4253 satrapam
2941 4195 3102 4237 suum
3153 4186 3402 4246 nossent,
3431 4193 3542 4232 non

1973 4277 2485 4354 praetermittebant,
2512 4289 2642 4332 vere
2678 4273 2950 4344 siquidem
2980 4280 3172 4327 contra
3201 4270 3541 4326 Cantacuze-

1962 4386 2092 4427 num
2121 4370 2273 4430 missi
2328 4376 2507 4423 erant.
2564 4364 2955 4422 Verumtamen
3004 4380 3160 4436 spem
3213 4363 3416 4420 bonam
3446 4363 3546 4420 da-

1964 4463 2116 4519 bant.
2152 4461 2223 4516 At
2251 4461 2420 4514 duces
2450 4458 2733 4530 copiarum
2770 4456 2981 4513 Amurii
3026 4466 3083 4511 et
3129 4465 3401 4512 secretum
3434 4455 3543 4511 im-

1920 4549 2201 4635 Tperatori
2252 4551 2590 4620 reserabaut,
2644 4560 2701 4606 et
2762 4549 2808 4605 si
2847 4558 3142 4621 peteretur,
3187 4549 3254 4604 ad
3302 4564 3538 4619 pugnam

1969 4646 2209 4703 vicissim
2253 4643 2463 4715 accingi
2516 4642 2898 4701 hortabantur.
2925 4639 3114 4711 Legati
3145 4641 3414 4711 ocyssime
3456 4656 3546 4694 rc-

1969 4736 2133 4803 versi,
2169 4744 2372 4791 statum
2406 4748 2591 4789 rerum
2636 4733 2781 4805 apud
2817 4732 3013 4788 Persas
3056 4741 3360 4803 exponunt.
3396 4731 3544 4794 Tum,

1967 4814 2086 4899 ipse
2113 4840 2330 4906 quoque
2376 4823 2741 4901 dimicationi,
2782 4823 2827 4878 si
2875 4839 3016 4894 opus
3061 4824 3156 4887 sit,
3200 4837 3261 4879 se
3298 4822 3550 4890 instruit,

1968 4919 2105 4974 alios
2153 4916 2525 4988 lloccipendit,
2578 4913 2901 4970 Amurianis
2953 4931 3019 4971 ex
3074 4914 3190 4986 ipsa
3217 4914 3334 4969 acie
3369 4914 3437 4968 ad
3485 4929 3550 4971 se

1972 5010 2310 5068 transituris.
2346 5008 2515 5063 Paulo
2541 5017 2666 5078 post
2692 5016 2747 5063 et
2765 5006 3117 5062 Sarchaniani
3136 5006 3542 5077 conspirantes,

1969 5088 2312 5159 communem
2359 5098 2686 5171 legationem
2740 5098 2809 5154 ad
2861 5098 3244 5169 imperatorem
3298 5098 3544 5167 mittunt,

1969 5194 2114 5251 bono
2146 5193 2331 5247 animo
2367 5206 2489 5247 esse
2513 5190 2709 5261 jubent
2738 5207 2751 5245 :
2784 5204 2841 5244 se
2871 5187 3134 5259 deinceps
3185 5187 3366 5243 socios
3392 5187 3543 5250 illius

1971 5294 2026 5343 et
2053 5286 2261 5341 amicos
2296 5285 2435 5342 fore.
2464 5281 2747 5355 Rogabant
2775 5290 2978 5346 tamen,
3008 5294 3078 5335 ne
3121 5278 3177 5335 in
3205 5293 3451 5350 prmsens
3475 5279 3549 5347 ad.

1971 5391 2032 5433 se
2077 5376 2267 5432 venire
2326 5383 2563 5447 cogeret,
2600 5374 2695 5430 sed
2750 5370 3069 5444 Byzantium
3114 5370 3267 5427 abire
3312 5373 3545 5441 sineret,

1972 5467 2086 5522 illic
2123 5466 2363 5536 acceptis
2422 5463 2581 5519 donis
2620 5470 2675 5517 et
2706 5461 2992 5532 promissis
3032 5469 3261 5531 satrapa:
3312 5475 3414 5516 suo
3442 5475 3544 5532 pec.

1971 5555 2151 5613 cuniis
2208 5567 2549 5631 reversuros,
2618 5559 2675 5606 et
2716 5550 3204 5621 quaimperaret.
3252 5549 3546 5609 effecturos

1972 5644 2179 5702 omnia.
2220 5642 2337 5698 Tali
2391 5656 2559 5711 scopo
2613 5638 2835 5695 Barbari
2882 5639 3201 5712 Byzautlum
3248 5647 3540 5705 venerunt,

1973 5733 2312 5807 ingressique
2333 5733 2400 5787 ad
2433 5731 2835 5801 imperatricem
2865 5731 3051 5798 duces,
3076 5746 3197 5788 eam
3221 5732 3543 5790 adorarunt.

1975 5825 2383 5898 hunurilienqnc
2446 5823 2587 5879 dona
2639 5817 2989 5896 acceperunt.
3042 5822 3311 5883 Convenit
3371 5835 3538 5894 porro
