3964 6560
478 345 620 413 1279

1645 354 1964 419 JOANNIS
2005 353 2535 417 CANTACUZENI

3595 351 3730 416 12ῗο

472 458 616 510 inter
648 456 934 513 arcbontas
975 469 1026 514 et
1078 461 1290 523 Persas,
1341 470 1396 515 ut
1448 463 1546 532 ipsi
1594 465 1813 534 quidem
1862 465 2068 520 missis.

2172 463 2355 516 αςιλεί
2383 465 2450 516 τὰ
2482 463 2636 533 παρά
2665 461 2779 517 τῶν
2818 462 3068 532 Περσῶν.
3122 463 3235 515 Καὶ
3285 462 3724 529 παρεσκευάζετο

473 549 788 604 triremibus
816 566 846 604 e
883 553 1015 605 mari
1049 552 1355 606 Orcltanem
1404 554 1714 622 imperatori
1754 573 2040 611 succursu-

477 656 594 693 rum
628 641 954 710 impedirent
984 664 995 696 :
1036 644 1089 697 hi
1123 661 1151 696 a
1185 646 1484 699 continenti
1521 647 1822 709 Selvbriam
1855 650 2038 703 tandiu

476 731 807 793 obsiderent,
834 733 1011 799 quoad
1041 733 1212 800 ipsam
1243 748 1364 786 cum
1401 733 1711 789 adventitiis
1735 751 2042 805 expugnas-

477 832 620 872 sent.
657 822 960 891 Sperabant
1003 824 1148 877 enim
1197 834 1251 878 et
1304 825 1671 895 Sclybrianos,
1723 818 1784 881 si
1824 843 2044 899 magnas

480 924 624 967 terra
657 915 899 984 marique
934 917 1117 984 cepias
1152 917 1436 982 vidissent,
1467 917 1696 972 dissidio
1719 924 1783 972 ab
1810 920 2044 989 impera-

482 1016 620 1068 tore,
654 1008 840 1058 urbem
896 1008 1029 1076 ipsis
1073 1010 1391 1063 tradituros.
1426 1009 1698 1064 'l‘rirentes
1736 1013 1855 1066 sine
1896 1029 2042 1067 mora

481 1095 888 1150 instruebantur
921 1114 936 1152 ξ
971 1097 1170 1165 Ροτειῐι,
1205 1100 1247 1151 si
1283 1101 1427 1168 ipsos
1461 1100 1688 1156 Romani
1716 1102 1926 1170 equites
1957 1117 2044 1156 se-

481 1196 802 1252 querentur,
859 1203 1048 1242 omnes
1110 1189 1285 1242 facere
1329 1207 1516 1243 servos
1559 1192 1894 1261 cogitabant.
1930 1195 2045 1257 Qua

480 1277 547 1328 de
577 1292 632 1329 re
660 1277 1102 1332 Cantacuzcnunt
1133 1282 1423 1335 certiorem
1454 1282 1712 1338 facientes
1737 1284 2049 1354 qumrebant

481 1371 674 1437 ecquid
695 1373 948 1440 probaret
977 1374 1116 1427 istuc
1142 1375 1428 1438 conStlium
1456 1392 1470 1436 ;
1497 1377 1586 1444 qui
1613 1375 1761 1445 quasi
1797 1375 2046 1443 injuriam

483 1477 633 1515 suam
681 1463 730 1515 id
769 1464 883 1517 ﬁeri
927 1465 1117 1525 vetuit,
1153 1465 1280 1518 illos
1325 1466 1589 1535 siquidem
1638 1467 1910 1520 Romanos
1940 1483 2046 1520 nott

486 1552 655 1606 multo
713 1564 835 1622 post
891 1570 1021 1608 suos
1072 1557 1188 1610 fore
1229 1556 1451 1610 milites.
1492 1557 1568 1611 Eo
1613 1559 1774 1627 igitur
1809 1559 2050 1612 tacinore

488 1653 887 1710 temperarunt,
925 1661 1046 1713 nec,
1082 1647 1329 1716 quamvis
1360 1658 1600 1715 paratos,
1651 1664 1836 1702 secum
1884 1649 2050 1717 proft-

488 1733 618 1785 cisci
676 1735 1094 1791 sustinuerunt:
1146 1739 1544 1808 redeuutesque
1597 1737 1853 1807 Byzantio
1904 1737 2085 1808 Sely-a

489 1823 684 1886 briant,
715 1825 904 1879 obvios
935 1842 1124 1882 omnes
1151 1839 1436 1898 ceperunt,
1489 1844 1590 1882 nec
1622 1845 1811 1897 parum
1853 1829 2053 1882 multa-
2083 1801 2127 1859 Β

489 1928 638 1986 runt,
671 1923 811 1990 quod
873 1935 1124 1993 tanquam
1165 1927 1330 1980 sociis
1377 1936 1430 1978 et
1487 1925 1682 1979 amicis
1728 1926 1957 1979 fiderent
1990 1927 2054 1978 iis

491 2012 580 2076 qui
615 2029 779 2082 prope
817 2015 1127 2086 Byzantium
1177 2018 1507 2071 incolebant.
1538 2017 1838 2088 Selybriait;
1878 2028 1933 2070 ut
1969 2034 2054 2072 ve-

494 2116 712 2168 uerunt,
745 2111 986 2162 exercitu
1017 2111 1150 2165 foris
1201 2111 1416 2176 reliCto,
1449 2111 1818 2175 centuriones,
1857 2112 2055 2164 tribuni

491 2204 547 2250 et
574 2197 738 2252 duces
773 2215 880 2252 nun
905 2201 1061 2270 pauci
1098 2202 1481 2271 imperatorem
1511 2202 1864 2264 conveniunt,
1891 2217 1920 2255 a
1952 2218 2059 2270 qtto

493 2291 788 2358 Splenlido
822 2302 1088 2360 apparatu
1124 2293 1332 2362 cpulari
1363 2293 1732 2361 accipiuntur.
1777 2293 1976 2348 Demus
2007 2293 2057 2346 in

493 2398 597 2451 qua
652 2381 1032 2435 diversabatur
1079 2381 1376 2451 imperator
1431 2383 1508 2436 sic
1561 2391 1872 2437 constructa
1920 2393 2058 2447 erat,

493 2472 661 2541 688
704 2481 760 2524 ut
819 2473 1074 2525 sedentes
1127 2484 1353 2541 possent
1412 2489 1560 2527 mare
1618 2473 1956 2540 conspicere,
2009 2483 2064 2527 et

497 2563 739 2631 conspici
792 2580 820 2616 a
869 2565 1476 2634 prtetcrnavigantibus.
1522 2562 1700 2619 Persze
1735 2565 1902 2642 igitur
1935 2580 2065 2619 con-

507 2655 646 2705 vivat
671 2664 874 2706 antur:
908 2665 961 2707 ct
993 2669 1120 2709 cecc
1156 2654 1412 2726 Byzantio
1447 2657 1642 2709 adsunt
1675 2658 1925 2710 triremes
1957 2671 2062 2712 non

501 2759 708 2814 pauce,
760 2760 881 2797 cum
921 2746 1314 2817 quinquaginta
1363 2760 1644 2798 remorum
1696 2745 2061 2814 prazdatoriis,

498 2842 1002 2906 prsrtt‘rcmdesque
1037 2836 1310 2906 (sciebant
1340 2837 1486 2890 enim
1531 2835 1636 2889 illic
1679 2836 2064 2905 imperatorem

507 2925 775 2996 habitare)
811 2927 1099 2980 verborum
1135 2927 1494 2980 contumelias
1525 2944 1646 2980 cum
1678 2927 1838 2990 minis
1861 2927 2064 2989 affatim

497 3017 726 3086 jactut‘t.
759 3017 936 3073 Persa:
967 3018 1150 3072 statim
1189 3029 1603 3088 consurgentes,
1636 3035 1699 3072 ex
1740 3019 1948 3072 {edibus
1989 3034 2067 3072 sa-

2147 557 2238 608 καὶ
2269 556 2428 618 αὐτὸς
2461 557 2536 620 ὡς
2575 555 2946 624 μαχούμενος,
2980 554 3045 624 ἢν
3077 553 3196 625 δὲῃ.
3224 552 3439 606 Οὐδένα
3475 553 3584 621 γὰρ
3628 555 3725 622 ἠδη

2145 647 2251 698 τῶν
2279 647 2450 700 ἄλλων
2487 647 2725 698 ἐποιεῖτο
2763 644 2947 712 λόγον,
2977 642 3291 712 μελλόντων
3317 639 3551 692 ἐκείνων
3595 642 3727 707 πρὸς

2151 737 2319 791 αὑτὸν
2353 736 2720 806 μεθίστασθαι
2750 737 2843 787 ἐπὶ
2877 735 2978 803 τῆς
3006 733 3400 804 παρατάξεως.
3429 730 3590 784 Μετά
3638 747 3727 797 μισ

2146 833 2276 899 κρδν
2307 830 2363 881 δε
2398 830 2494 883 καὶ
2517 831 2566 882 οἱ
2595 829 2746 884 ἄλλοι
2778 829 3277 896 συμφωνήσαντες,
3314 823 3512 889 κοινὴν
3540 822 3728 889 ἑποιήο

2148 939 2310 976 σαντο
2337 923 2639 991 πρεσϐείαν
2672 921 2809 991 πρὸς
2841 922 2935 974 τὸν
2961 919 3216 988 βασιλέα,
3247 917 3568 986 φάσκοντες
3596 913 3729 983 θαρ-

2152 1019 2266 1088 ρεῖν
2318 1015 2394 1077 ὡς
2443 1014 2661 1068 έσ>νται
2708 1014 2993 1082 σύμμαχοι
3049 1011 3146 1064 καὶ
3180 1010 3352 1077 φίλοι.
3399 1009 3644 1060 Ἐδέοντο
3674 1007 3727 1058 δὲ

2149 1105 2314 1162 αὑτοῦ
2349 1106 2423 1175 μὴ
2455 1105 2514 1157 τὸ
2541 1103 2637 1157 νῦν
2662 1103 2784 1171 ἕχον
2817 1101 3153 1167 ἀναγκάζειν
3181 1101 3339 1169 ἥκειν
3373 1099 3514 1166 πρὸς
3538 1097 3721 1158 αὐτὸν,

2149 1198 2262 1252 ἀλλ’
2296 1197 2636 1258 ἀπελθόντας
2664 1198 2742 1258 είς
2786 1195 3083 1258 Βυζάντιον
3143 1191 3282 1260 πρὸς
3333 1190 3592 1259 βασιλίδα
3639 1189 3730 1238 καὶ

2149 1290 2296 1356 δῶρα
2340 1288 2706 1355 δεξαμένους,
2759 1287 2856 1340 καὶ
2907 1286 2978 1336 τὰ
3025 1283 3422 1354 ἐπηγγελμένα
3470 1283 3731 1351 χρήματα

2150 1379 2226 1450 τῷ
2252 1379 2403 1447 σφῶν
2436 1378 2691 1449 σατράπῃ
2723 1378 3027 1446 ἐπανήκειν
3062 1377 3200 1443 πρὸς
3224 1376 3418 1436 αὑτὸν,
3439 1374 3542 1425 καὶ
3559 1373 3729 1424 πάντα

2152 1471 2219 1524 τὰ
2257 1471 2591 1538 κελευόμενα
2625 1471 2826 1522 ποιεῖν.
2848 1469 2913 1522 Οἱ
2951 1469 3050 1537 μὲν
3074 1462 3169 1520 οὖν
3197 1465 3474 1536 βάρϐαροι
3506 1463 3729 1531 γνώμην

2158 1548 2374 1632 ἔχοντες
2404 1563 2661 1629 τοιαύτην
2685 1558 2821 1634 ἧκον
2861 1562 2942 1623 είς
2970 1549 3292 1623 Βυζάντιον.
3332 1558 3445 1610 Καὶ
3475 1558 3529 1608 οί
3576 1571 3728 1622 στραο

2155 1656 2314 1722 τηγοὶ
2343 1651 2478 1723 πρὸς
2517 1651 2767 1721 βασιλίδα
2819 1650 3181 1711 εἰσελθόντες,
3232 1647 3625 1716 προσεκύνουν
3675 1662 3727 1696 τε

2154 1748 2249 1796 καὶ⁸
2279 1744 2525 1812 ἐδέχοντο
2546 1743 2694 1812 δῶρα
2725 1743 2856 1810 παρ’
2879 1741 3099 1808 ἐκείνης
3130 1739 3460 1808 φιλοτίμως.
3489 1736 3730 1790 συνέὃαιο

2157 1839 2244 1886 νον
2284 1851 2343 1886 τε
2380 1836 2431 1886 oi.
2457 1833 2566 1886 τῶν
2598 1831 2911 1896 Βυζαντίων
2941 1833 3204 1901 ἄρχοντες
3227 1832 3342 1890 τοῖς
3377 1829 3646 1896 Πέρσαις,
3670 1827 3728 1876 ἶν’

2158 1927 2313 1980 αὐτοὶ
2359 1928 2456 1994 μὲν
2502 1927 2565 1977 ὲκ
2605 1924 2887 1992 θαλάσσης
2917 1923 3162 1992 τριήρεις
3204 1920 3536 1989 πέμψαντες
3566 1918 3731 1970 κωλύο

2161 2035 2324 2070 σωσιν
2367 2017 2631 2086 Ὀρχάνην
2700 2015 2910 2084 βασιλεί
2958 2013 3034 2083 μὴ
3079 2012 3316 2082 βοηθεῖν,
3372 2011 3532 2062 αὐτοὶ
3582 2010 3637 2060 δὲ
3676 2009 3732 2059 ξι

2159 2113 2258 2180 τῆς
2304 2112 2537 2181 ἠπείρου
2587 2109 3322 2181 περιστρατοπεδευσάμενοι
3379 2105 3733 2174 Σηλυμϐρίαν

2165 2205 2478 2273 πολεμῶσιν
2516 2204 2677 2274 ἄχρις
2733 2203 2801 2256 ἂν
2837 2201 3348 2270 ὲκπολιορκὴσωσιν
3412 2199 3588 2267 αὐτὴν
3644 2201 3729 2248 καὶ

2162 2297 2286 2358 τοὺς
2319 2295 2600 2354 συνόντας.
2632 2290 2901 2354 Ἥλπιξον
2949 2291 3060 2360 γὰρ
3108 2291 3204 2343 καί
3260 2286 3732 2358 Σηλυμὸριανοίδς,

2161 2389 2227 2442 ἂν
2263 2387 2507 2456 μεγάλην
2550 2385 2781 2452 δύναμιν
2828 2385 2892 2436 ὲκ
2946 2383 3049 2450 γῆς
3105 2381 3199 2434 καὶ
3245 2380 3528 2447 θαλάττης
3568 2378 3731 2440 ἴδωσι,

2162 2478 2569 2530 διαστασιάσειν
2606 2476 2740 2544 προς
2769 2472 3018 2543 βασιλέα,
3053 2471 3146 2524 καὶ
3178 2471 3279 2538 τὴν
3314 2469 3476 2521 πόλιν
3511 2467 3732 2527 ἐκείνοις

2165 2557 2531 2636 παραδώσειν.
2560 2568 2668 2620 Ka‘t
2685 2564 2988 2626 ὡπλίζοντο
3021 2561 3220 2615 αὐτίκα
3253 2561 3311 2612 αί
3349 2559 3627 2627 τριήρεις.
3667 2555 3733 2606 τὸ

2167 2663 2434 2730 Περσικὸν
2480 2660 2538 2712 δὲ
2583 2658 2885 2711 διενοοῦντο
2934 2653 2983 2708 εί
3020 2655 3112 2708 καὶ
3162 2653 3464 2721 Ῥωμαίων
3538 2647 3730 2714 ἱππική

2169 2752 2401 2822 στρατιὰ
2435 2751 2721 2803 συνέποιτο
2759 2749 2946 2811 αὐτοῖς
2994 2746 3204 2804 πάντας
3235 2741 3730 2812 ὲξανδραποδίζειν.

2179 2844 2448 2915 Ἐμήνυόν
2495 2860 2556 2896 τε
2605 2841 2815 2911 βασιλεί
2863 2838 2940 2908 τῷ
2997 2833 3469 2903 Καντακουζηνῷ,
3532 2835 3584 2883 εἰ
3623 2828 3732 2882 καθ’

2168 2936 2360 3007 ἡδονὴν
2413 2934 2472 2987 τὸ
2504 2933 2747 2986 τοιοῦτον
2780 2931 2868 2998 εἴη
2901 2929 3186 2998 πράττειν.
3254 2924 3319 2979 Ὀ
3370 2924 3420 2976 δ’
3475 2921 3730 2982 ἐκώλυεν,

2169 3026 2331 3088 αὐτὸς
2368 3024 2786 3096 ἰσχυριζόμενος
2835 3018 3164 3080 ἀδικεῖσθαι,
3220 3017 3288 3070 ἂν
3338 3013 3574 3068 τοιαῦτα
3618 3012 3731 3062 τολ-

503 3110 664 3179 gittas
710 3110 762 3162 in
814 3121 1063 3165 vectores
1114 3111 1486 3180 ingeminanL,
1553 3121 1604 3164 et
1642 3112 1848 3179 aliquot
1884 3112 2068 3167 vulne-

2174 3118 2346 3189 μῶσιν
2380 3118 2583 3186 ’ὀλίγῳ
2625 3117 2734 3186 γὰρ
2768 3114 3014 3181 ὕστερον.
3045 3109 3216 3164 αὐτοῦ
3237 3109 3367 3170 τοὺς
3395 3107 3732 3175 στρατιώτας

505 3212 645 3255 rant.
679 3203 949 3257 Navarcbi
979 3215 1266 3258 cernentes
1294 3203 1488 3258 Persas
1523 3218 1672 3256 arma
1711 3220 1926 3272 capere,
1962 3204 2071 3273 pri-

507 3311 652 3346 mum
689 3296 904 3362 quidem
945 3296 1229 3364 admirari,
1256 3308 1310 3350 et
1337 3298 1592 3353 dubitare
1617 3298 1743 3366 qttid
1771 3299 1873 3352 hoc
1901 3305 2068 3352 esset.

506 3385 576 3439 Ut
604 3398 786 3439 autem
837 3387 1246 3453 intellexerunt,
1285 3387 1564 3442 Persicum
1614 3405 1807 3459 agmen
1856 3404 1914 3444 se
1947 3403 2069 3444 cum

511 3477 838 3545 imperatore
868 3479 1242 3544 coniunxisse,
1281 3480 1430 3532 omni
1481 3495 1577 3548 spe
1611 3481 1849 3550 perdita,
1887 3480 2071 3536 statim

517 3577 878 3621 reverterunt.
934 3566 1233 3637 Imperator
1283 3571 1496 3625 donatis
1554 3572 1803 3634 ducibus,
1854 3573 2072 3638 Persas,

507 3661 650 3728 quod
683 3668 808 3712 ltttte
847 3675 1035 3713 eorum
1083 3677 1249 3730 Opera
1291 3678 1399 3717 non
1451 3673 1657 3733 egeret,
1707 3665 1927 3718 domum
1983 3679 2074 3720 re~

511 3752 676 3804 misit.
712 3751 814 3817 Qui
853 3767 959 3805 non
995 3754 1272 3808 mediocre
1311 3755 1570 3808 damnum
1617 3755 2073 3824 interpretantes,

509 3858 710 3898 Vacuus
741 3843 1042 3908 discedere,
1075 3844 1130 3897 in
1174 3843 1369 3900 Mazsos
1401 3845 1708 3915 irruptione
1742 3845 1905 3913 facta,
1935 3849 2074 3902 tuui-

513 3946 596 3989 tos
630 3937 903 3999 occidunt,
956 3937 1156 3989 multos
1188 3937 1431 4006 captivos
1473 3953 1596 3992 cum
1650 3938 1920 4007 pecudum
1963 3956 2079 4011 gre-

513 4028 670 4097 gibus
702 4028 998 4093 abducunt,
1034 4037 1088 4081 et
1131 4026 1394 4093 Mossiam,
1431 4029 1473 4082 si
1515 4044 1754 4101 unquam
1792 4031 1948 4099 alias,
1982 4035 2079 4086 de-

515 4120 778 4173 l'oriuant.
853 4124 1057 4174 Itumor
1129 4123 1509 4191 spargebatur.
1567 4122 1951 4191 imperatorem
2010 4123 2078 4176 ad

516 4214 743 4280 gratiam
774 4228 871 4281 pro
907 4214 1167 4266 societate
1209 4213 1616 4280 rependendam
1656 4213 1796 4268 banc
1825 4213 1951 4268 .illis
1982 4215 2079 4267 im-

517 4302 852 4370 pressionem
889 4302 1237 4371 permisisse:
1272 4302 1366 4356 sed
1422 4303 1496 4359 illi
1550 4301 1856 4357 fabularum
1899 4304 2080 4358 archi-

515 4392 645 4444 tecti
705 4394 1073 4452 merissitnutn
1129 4394 1473 4448 mendacium
1521 4396 1858 4465 garriebant.
1903 4397 2082 4467 Impe-

2172 3211 2390 3264 ἔσεσθαι
2418 3210 2682 3271 ἐκείνους.
2732 3204 2973 3259 Ἐκείνου
3016 3201 3117 3272 μιν
3155 3195 3252 3256 οὖν
3284 3200 3614 3268 ἀπέσχοντο,
3648 3200 3735 3251 καὶ

2171 3302 2292 3355 οὐδὲ
2323 3302 2605 3367 ἐνέμειναν
2633 3291 3236 3366 παρασκευασαμένους
3284 3293 3387 3343 συν
3438 3291 3629 3350 αὐτοῖς
3652 3289 3733 3338 Ei.-

2174 3394 2309 3447 Θείν.
2352 3390 2810 3460 ’Λναστρέφοντες
2842 3387 2900 3440 δὲ
2933 3387 2998 3440 ἐκ
3036 3383 3338 3446 Βυζαντίου
3370 3381 3510 3449 πρὸς
3535 3381 3734 3446 Σηλυμο

2175 3484 2353 3548 δρίαν,
2413 3483 2621 3542 πάντας
2671 3478 3061 3550 ὴνδραπόδιζον
3109 3475 3237 3536 τοὺς
3296 3474 3722 3541 προστυχόντας,

2175 3577 2270 3630 καὶ
2322 3573 2641 3644 ἐζημίωσαν
2691 3571 2792 3624 οὐκ
2829 3570 2984 3636 ὀλίγα
3036 3566 3126 3622 διὰ
3181 3570 3244 3621 τὸ
3292 3565 3529 3636 θαρρεῖν
3564 3563 3736 3619 αὐτοῖς

2175 3669 2302 3729 τοὺς
2340 3663 2472 3736 περὶ
2499 3663 2560 3717 τὸ
2595 3662 2912 3725 Βυζάντιον,
2950 3660 3026 3722 ὡς
3066 3658 3244 3727 φίλοις
3276 3659 3377 3708 καί
3409 3653 3734 3722 συμμάχοις.

2190 3759 2344 3812 Ἐπεὶ
2368 3757 2425 3810 δὲ
2449 3758 2533 3819 είς
2560 3753 2916 3826 Σηλυμϐρίαν
2942 3747 3106 3822 ἦσαν,
3155 3751 3188 3820 ή
3234 3747 3466 3817 στρατιά
3499 3746 3603 3813 μὲν
3641 3744 3738 3808 ἐξω

2179 3850 2556 3906 κατελείπετο.
2587 3847 2835 3917 Δοχαγοὶ
2860 3845 2917 3898 δὲ
2953 3843 3049 3896 καὶ
3068 3841 3339 3913 ἡγεμόνες
3369 3840 3462 3890 καὶ
3514 3851 3740 3902 στρατη-

2179 3945 2294 4010 γοὶ,
2326 3943 2426 3997 οὐκ
2469 3938 2842 4008 όλίγοκόντες,
2893 3935 3033 4006 πρὸς
3081 3932 3308 4002 βασιλέα
3339 3926 3528 3999 ἦλθον.
3582 3925 3687 3978 Καὶ
3715 3926 3740 3974 ὁ

2184 4036 2432 4108 βασιλεὺς
2477 4032 2653 4086 εἱστία
2701 4028 2999 4098 φιλοτίμως
3033 4027 3124 4078 ἐπ’
3168 4023 3359 4076 αὐτοῦ.
3413 4019 3571 4074 Οὕτω
3594 4018 3650 4070 δὲ
3678 4012 3741 4084 ἦν

2175 4133 2212 4200 ἡ
2237 4128 2383 4182 οἰκία
2413 4121 2904 4191 κατεσκευασμένη
2937 4121 2996 4172 ὲν
3111 4115 3366 4184 ηὐλίζετο
3406 4115 3436 4164 ὁ
3471 4111 3738 4200 βασιλευς,

2180 4199 2320 4271 ὥστε
2345 4216 2691 4284 καθημένους
2717 4213 2850 4282 ὁρᾷν
2872 4228 2930 4262 τε
2954 4209 3056 4278 τὴν
3079 4207 3378 4263 Θάλασσαν,
3409 4204 3502 4255 καί
3518 4199 3742 4268 ὁρᾶσθαι

2181 4311 2380 4380 ὁμοίως
2409 4307 2515 4361 ὑπὸ
2557 4306 2668 4359 τῶν
2715 4304 3049 4373 παριόντων.
3100 4299 3398 4352 Είστςιῶντο
3453 4295 3553 4363 μὲν
3581 4291 3672 4349 οὖν
3697 4291 3742 4340 οἱ

2187 4403 2414 4470 Πέρσαι,
2447 4400 2542 4452 καὶ
2576 4399 2630 4450 αί
2658 4399 2722 4450 ὲκ
2755 4394 3050 4458 Βυζαντίου
3089 4393 3346 4460 παρῆσαν
3374 4387 3573 4440 αὐτίκα
3595 4384 3744 4450 τριή·

518 4492 663 4536 rator
691 4485 834 4537 enim
879 4500 988 4537 non
1021 4485 1180 4538 modo
1215 4493 1364 4542 tunc.
1407 4486 1503 4538 sed
1541 4501 1644 4540 nec
1673 4503 1913 4556 unquam
1954 4499 2068 4544 autc

2191 4511 2301 4562 ρεις
2333 4494 2434 4544 οὐκ
2486 4489 2820 4557 ὀλίγαι,καὶ
2867 4483 3292 4552 πεντηκόντοροι
3341 4477 3615 4547 λῃστικαὶ,
3659 4473 3745 4524 καὶ

519 4576 572 4628 id
602 4585 812 4643 tempus
833 4577 1010 4634 sciens
1033 4587 1086 4629 et
1112 4576 1300 4630 volens
1320 4576 1588 4632 Barbaros
1629 4577 1812 4633 Moasis
1839 4580 2077 4646 induxit,

517 4667 610 4721 sed
636 4684 759 4722 cum
795 4679 978 4723 essent
1017 4671 1222 4740 plures,
1259 4686 1419 4739 quam
1466 4669 1697 4726 Romani
1729 4688 1868 4742 opus
1917 4674 2083 4729 habe-

518 4772 660 4824 rent,
694 4775 791 4830 pcr
823 4777 881 4815 se
911 4763 1261 4817 emolumenti
1311 4763 1394 4816 sui
1433 4779 1597 4818 causa
1647 4765 1980 4834 irruperunt.
2035 4767 2079 4821 A

522 4851 780 4905 Romanis
809 4854 1011 4922 quippe
1039 4853 1258 4909 auferre
1293 4855 1429 4910 nihil
1459 4855 1693 4910 licebat:
1725 4873 1958 4925 quorum
1987 4858 2083 4912 alii

516 4945 628 5013 jam
663 4943 728 4997 ad
768 4942 965 4998 incitas
995 4954 1154 4999 erant
1197 4946 1432 5010 redacti,
1479 4947 1572 5001 alii
1609 4949 1878 5017 parebant
1914 4951 2087 5019 impe-

523 5037 711 5100 tatori,
751 5037 906 5106 cujus
953 5035 1134 5090 Persa:
1185 5039 1363 5093 socios
1415 5054 1473 5093 se
1521 5049 1575 5093 et
1625 5043 1828 5094 amicos
1865 5039 2082 5110 proﬁte-

519 5130 740 5183 bantur.
800 5129 914 5183 lmo
957 5145 1088 5184 vero
1137 5129 1203 5184 de
1251 5130 1617 5185 Barbarorutn
1678 5132 2087 5188 incursionibus

521 5235 617 5275 eos
650 5221 968 5290 pra-:moucri
1017 5236 1232 5290 semper
1273 5221 1685 5292 diligentissime
1729 5223 1991 5278 curabat:
2035 5233 2089 5278 et

522 5328 668 5382 saepe
702 5313 805 5367 bac
833 5314 1043 5368 ratione
1071 5314 1124 5368 in
1157 5313 1353 5384 oppida
1375 5330 1438 5368 ex
1471 5316 1612 5385 agris
1646 5317 2086 5386 commigrantes.

523 5407 700 5460 autin
721 5405 872 5461 silvis
897 5405 1083 5476 opacis
1109 5405 1388 5461 latitantes
1428 5409 1734 5464 conservati
1782 5417 1926 5463 sunt.
1978 5408 2091 5462 Nec

526 5500 631 5554 hoc
663 5509 894 5567 tantum,
927 5500 1024 5556 sed
1053 5502 1219 5557 etiam
1247 5501 1386 5556 inter
1411 5501 1619 5556 amicos
1651 5501 2091 5570 frequentissime

535 5593 699 5647 mul'a
725 5593 791 5647 de
812 5592 1074 5650 Romanis
1105 5594 1333 5664 captivis
1361 5594 1521 5649 verba
1570 5594 1820 5657 faciebat,
1875 5595 2092 5664 indigne

530 5685 736 5748 ferens,
773 5685 916 5752 qttod
947 5701 1065 5754 qua:
1115 5685 1340 5739 minime
1389 5684 1570 5749 vellet,
1603 5692 1658 5738 et
1700 5700 1870 5758 super
1893 5685 2094 5753 quibus

535 5777 748 5836 doleret
807 5776 994 5832 notius
1025 5793 1130 5832 non
1166 5777 1532 5836 mediocriter.
1560 5792 1624 5832 ea
1659 5777 1833 5831 facere
1884 5777 1951 5831 ab
1996 5778 2094 5836 bo-

2189 4584 2622 4654 παραπλέοντες,
2645 4581 2844 4651 ⁴ᾔδεσαν
2865 4579 2974 4647 γὰρ
2993 4578 3106 4628 ὲκεί
3127 4572 3356 4642 βασιλέα
3376 4567 3739 4634 διατρίϐοντα,

2190 4678 2300 4730 τῶν
2329 4675 2539 4744 ’ὑῦρεων
2566 4671 2820 4739 ἠφείδουν,
2871 4669 2964 4720 καὶ
2995 4665 3102 4717 τῶν
3135 4661 3398 4716 ἀπειλῶν.
3449 4661 3508 4714 Οί
3547 4657 3743 4723 Πέρσαι

2190 4770 2246 4823 δὲ
2277 4767 2476 4820 αὐτίκα
2501 4763 2858 4826 ἀναστάντες,
2898 4757 3121 4832 ἔϐαλλον
3163 4754 3288 4816 τοὺς
3327 4749 3617 4819 τριηρίτας
3642 4745 3743 4798 ἀπὸ

2191 4861 2293 4930 τῆς
2328 4859 2507 4920 οἰκίας
2537 4857 2753 4924 συχνοῖς
2798 4854 2912 4913 τοίς
2944 4849 3148 4918 βέλεσι,
3199 4845 3294 4898 καὶ
3341 4837 3742 4930 ἔτραυμάτισάν

2191 4928 2367 5014 τινας.
2397 4951 2458 5002 Οἱ
2484 4947 2744 5014 ναυάρχοι
2768 4944 2823 4996 δὲ
2852 4944 2972 5003 τοὺς
3011 4942 3224 5007 Πέρσας
3247 4935 3483 5002 ὁρῶντες
3516 4928 3745 5000 μαχομέο

2194 5059 2339 5106 νους,
2389 5038 2584 5107 πρῶτα
2625 5038 2723 5105 μὶν
2789 5031 3115 5099 ἐθαύμαζον,
3166 5027 3264 5080 καλ⁸
3293 5024 3609 5093 διηπόρουν,
3640 5021 3666 5072 ὃ
3700 5035 3747 5068 τι

2195 5132 2300 5202 εἴη.
2338 5131 2491 5182 Ἐπεὶ
2524 5129 2579 5181 δὲ
2609 5125 2876 5179 ἐπύθοντο
2916 5123 2978 5174 τὸ
3007 5119 3276 5190 Περσικὸν
3303 5112 3746 5185 προσκεχωρηκό-

2195 5242 2291 5286 τας
2321 5223 2551 5295 βασιλεῖ,
2581 5221 2914 5286 ἀνέστρεφον
2947 5211 3358 5277 αὑτίκα,πάσης
3389 5208 3573 5265 αὐτοῖς
3603 5204 3745 5256 ἐλπίς

2197 5319 2286 5378 δος
2334 5313 2802 5385 περιαιρεθείσης.
2838 5310 2931 5362 καὶ
2985 5309 3014 5372 ό
3059 5303 3309 5373 βασιλεὺς
3368 5302 3481 5360 τοῖς
3529 5298 3745 5366 ἄρχουσι

2198 5411 2295 5476 τῆς
2328 5407 2588 5476 στρατιᾶς
2613 5402 2764 5471 δῶρα
2795 5396 3230 5467 παρασχόμενος,
3283 5391 3586 5457 ἀπέπεμπε
3620 5385 3743 5476 πρὸς

2200 5475 2298 5569 τήν
2337 5475 2536 5550 οἰκίανο
2569 5495 2630 5545 οὐ
2666 5492 2772 5562 γὰρ
2826 5487 3006 5542 αὐτῶν
3037 5486 3206 5544 ἐδεῖτο
3239 5482 3380 5535 τότε.
3423 5477 3650 5533 Ἐκεῖνοι

2203 5568 2404 5660 ζημίαν
2435 5588 2495 5639 οὗ
2536 5583 2738 5656 μικρὰν
2789 5579 3081 5648 ἡγούμενοι
3129 5574 3188 5626 τὸ
3221 5575 3423 5666 ,κεναῖς
3456 5568 3746 5666 ἀναχωρείν

2205 5681 2412 5753 χερςὶν,
2437 5676 2876 5746 ἐπεστράτευσαν
2896 5669 3132 5730 Μυσοίς,’
3151 5667 3244 5717 καὶ
3270 5665 3603 5753 ἀπέκτειναν
3633 5665 3749 5706 πολ-

2207 5750 2327 5834 λοὺς
2361 5769 2504 5824 κατά
2536 5770 2633 5831 τὴν
2674 5763 2858 5834 ἔφοδον
2886 5759 3120 5826 ἐκείνην,
3157 5758 3254 5807 καὶ
3277 5750 3743 5822 ἠνδραποδίσαντο,
