3964 6564
284 425 419 488 19.85

1421 416 1960 481 HISTORIARUM
2004 417 2233 476 LIBER
2274 417 2416 498 llI.‘

3398 401 3536 481 19.86

281 540 550 604 ποιήσειν,
583 531 646 583 Οί
677 531 733 583 ἐν
761 525 979 597 Γαλατᾷ
1003 526 1082 591 δὲ,
1115 521 1302 593 ὥσπερ
1350 522 1590 594 ἔφημεν,
1639 524 1856 578 Λατῖνοι

1971 520 2109 590 (erat
2139 523 2283 577 enim
2315 533 2424 577 tum
2449 521 2562 590 ipse
2593 537 2810 594 quoque
2839 523 2906 578 de
2936 522 3163 594 collegio
3185 522 3532 590 arcltontum,

283 627 541 698 ἀπεχθῶς
574 625 714 693 ἄγαν
751 623 885 693 πρὸς
917 619 1274 674 Φακεωλάτον
1301 619 1642 690 διακείμενοι
1686 620 1774 674 διὰ
1797 619 1859 673 τὸ

282 721 411 782 τοὺς
444 717 753 786 ὁμοφύλους
808 713 1140 785 ἀνῃρῆσθαι,
1189 711 1347 765 αύτοί
1400 728 1461 764 τε
1518 710 1860 776 ἐσπούδαζον

283 811 651 868 ἀποκτείνειν.
690 811 786 863 καλ⁸
821 807 955 878 πρὸς
997 804 1249 877 βασιλίδα
1302 803 1504 875 συχνὰς
1535 806 1858 870 ποιούμενοι

283 901 585 971 πρεσϐείας
629 897 920 968 ἐκδοθῆναι
952 897 1106 965 σφίσι
1140 896 1235 950 τὸν
1284 897 1644 950 Φακεωλάτον
1668 896 1856 967 ⁴ᾔτουν,

287 995 338 1046 εί
376 991 452 1063 μὴ
483 991 729 1062 βούλοιτο
760 989 1059 1059 πολεμίους
1087 987 1253 1059 ἔχειν.
1304 987 1525 1051 Βασιλὶς
1558 988 1613 1040 δὲ
1643 989 1861 1041 Φακειοι-

287 1082 448 1138 λάτον
474 1099 534 1134 τε
568 1079 855 1150 προίεσθαι
889 1079 966 1150 μὴ
993 1077 1319 1149 βουλομένη,
1368 1072 1438 1148 ἦν
1474 1077 1577 1148 γὰρ
1605 1078 1728 1130 τότε
1765 1077 1860 1132 καὶ

285 1173 444 1234 αὐτὸ,
473 1171 582 1223 τῶν
614 1171 912 1242 ᾑρημένων
942 1169 1157 1242 ἄρχειν,
1187 1170 1283 1222 καὶ
1313 1168 1568 1241 μυστικῷ
1615 1169 1694 1237 τῷ
1730 1151 1863 1222 Κινέ

287 1266 466 1334 νὰμῳ,
493 1267 588 1318 καὶ
633 1264 840 1334 Ἀσὰνῃ
883 1263 960 1334 τῷ
1010 1261 1521 1332 πανυπερσεϐάστῳ
1573 1261 1863 1332 συμπράτ-

286 1373 394 1410 των
435 1357 567 1426 πρὸς
604 1357 697 1409 τὸν
728 1355 874 1409 κατὰ
905 1353 1172 1425 βασιλέως
1201 1354 1460 1426 πόλεμον,
1491 1355 1552 1408 τό
1583 1371 1643 1407 τε
1698 1353 1862 1408 Λατί-

289 1467 399 1513 νοις
428 1449 686 1516 πολεμεῖν
732 1449 794 1501 ού
846 1447 1150 1501 λυσιτελεῖν
1197 1447 1336 1519 αὐτῇ
1372 1447 1675 1518 νομίζουσα
1721 1447 1859 1518 πρὸς

287 1541 388 1612 τὴν
444 1541 641 1614 ἀρχὴν,
689 1539 803 1595 οὔτ’
854 1540 1153 1610 ἀπέπεμπε
1208 1535 1495 1608 φανερῶς,
1555 1535 1630 1598 ὡς
1693 1535 1860 1590 ἄδικα

290 1630 718 1702 πρεσϐεύοντας,
777 1629 890 1684 οὔτ’
939 1630 1170 1683 ἐνεδίδου
1221 1647 1274 1682 τι
1325 1628 1464 1681 κατά
1497 1626 1859 1682 Φακεωλάτου

290 1724 575 1794 πράττειν,
611 1721 729 1776 ἀλλ’
765 1722 945 1792 ἠπίως
979 1737 1108 1784 πως
1165 1721 1261 1776 καὶ
1284 1718 1568 1791 προσηνῶς
1599 1717 1862 1789 ⁴ίὶϐούλετο

289 1815 531 1868 διαλύειν
559 1814 659 1886 τὴν
707 1815 992 1886 διαφοράν·
1030 1816 1127 1869 καὶ
1177 1815 1434 1889 Λατίνοις
1472 1813 1572 1883 μὲν
1623 1813 1861 1883 ἔφασκεν

290 1904 708 1975 ἀποκρινεῖσθαι
767 1906 1038 1974 πρότερον
1093 1903 1274 1966 καλῶς
1330 1903 1461 1972 περὶ
1524 1895 1600 1957 ὧν
1645 1903 1858 1970 ἀξιοῦσι

288 1995 777 2065 διασκεψαμένην,
836 1995 1177 2065 Φακεωλάτῳ
1225 1995 1282 2048 δέ
1327 1995 1546 2048 ἐκέλευε
1596 1995 1858 2066 πρόνοιαν

289 2087 456 2140 αὐτοῦ
490 2087 782 2153 ποιεῖσθαι,
812 2087 886 2158 μὴ
916 2087 1023 2140 ὑπὸ
1052 2087 1162 2140 τῶν
1192 2087 1442 2140 Λατίνων
1489 2085 1856 2158 ἐπιϐουλευθῇ

289 2178 505 2249 ἡμέρας
558 2180 591 2248 ἦ
643 2178 839 2241 νυκτὸς
888 2179 1244 2248 ἐπιθεμένων.
1309 2179 1367 2232 Ὀ
1404 2178 1503 2248 μὲν
1530 2173 1624 2232 οὖν
1654 2177 1857 2232 αὐτίκα

294 2270 656 2337 περιέστησεν
689 2267 868 2337 ἐαυτῷ
902 2267 1172 2337 φρουρὰν,
1205 2269 1301 2322 καλ⁸
1338 2265 1694 2320 ὑπωπτεύετο
1726 2265 1856 2337 παρ’

283 2357 524 2418 οὐδενὸς,
574 2358 775 2426 δμοίως
827 2360 886 2410 ἐν
933 2357 1222 2428 βασιλείοις
1254 2359 1348 2411 καὶ
1391 2358 1531 2410 κατά
1570 2359 1667 2429 τὴν
1690 2357 1858 2428 ἀλλην

287 2447 446 2500 πόλιν
476 2448 729 2516 περιϊὼν,
789 2449 1017 2512 ὁπλίτας
1070 2449 1209 2518 ἐχων
1258 2451 1386 2519 περὶ
1431 2449 1644 2504 ἐαυτὸν.
1682 2450 1743 2502 Ὀ
1777 2450 1856 2514 δὲ,

286 2536 590 2605 ἀχθόμενος
624 2541 720 2592 καὶ
747 2537 1018 2608 πρότερον
1049 2538 1144 2590 ἐπὶ
1175 2539 1290 2600 τοῖς
1326 2539 1431 2591 ὑπὸ
1464 2537 1558 2592 τοῦ
1610 2537 1853 2610 πολέμου

287 2627 646 2695 συμϐαίνουσι
676 2631 888 2695 κακοῖς,
950 2629 1044 2683 καὶ
1071 2629 1291 2701 μεγάλῳ
1329 2629 1430 2706 μέν
1451 2631 1604 2686 δουκὶ
1627 2633 1723 2686 καὶ
1752 2649 1858 2685 πα·-

283 2720 524 2793 τριάρχῃ
556 2720 761 2794 πολλὴν
789 2721 1050 2784 συνειδὼς
1100 2721 1500 2792 ἀγνωμοσύνην
1547 2726 1680 2794 περὶ
1712 2725 1858 2777 Καν-

281 2808 619 2879 τακουζηνὺν
651 2811 743 2864 τὸν
778 2811 1003 2882 βασιλέα
1055 2813 1151 2866 καὶ
1194 2815 1584 2882 συκοφαντίαν,
1648 2815 1856 2871 ἐκεῖνον

279 2897 342 2952 δὲ
371 2901 439 2952 τὰ
467 2901 668 2971 ἔσχατα
698 2901 936 2973 ὴδικημέ
949 2919 1058 2966 νον,
1085 2902 1180 2956 καὶ
1207 2903 1552 2976 δικαιότερον
1586 2905 1718 2960 ὄντα
1744 2907 1856 2961 τῶν

280 2988 463 3044 ἄλλων
493 2991 695 3060 μᾶλλον
719 2993 833 3056 τοῖς
863 2993 1187 3063 πράγμασιν
1216 2995 1603 3066 ἐφεστηκέναι,
1648 2999 1772 3050 τότε
1798 2998 1855 3051 δὲ

283 3081 381 3131 καὶ
415 3081 617 3150 μᾶλλον
662 3082 766 3135 ὑπὸ
818 3082 927 3135 τῶν
977 3085 1358 3154 περισχόντων
1409 3086 1630 3154 φόϐων,
1679 3089 1739 3141 τό
1792 3104 1854 3140 τε

282 3173 438 3239 κοινῇ
468 3171 782 3226 Λυσιτελοῦν
814 3175 908 3226 καὶ
928 3174 1075 3245 αύτῷ
1123 3176 1231 3245 ίδίᾳ
1261 3177 1512 3240 συνιδὼν,
1563 3167 1857 3233 ἐσκέπτετο
1881 3195 1926 3256 C

281 3260 384 3312 καὶ
413 3262 577 3324 αὐτὸς
603 3262 704 3334 τὴν
738 3266 818 3326 είς
860 3264 1157 3323 Βυζάντιον
1209 3268 1419 3320 είσοδον
1474 3270 1856 3340 συμπράττειν

284 3351 524 3420 βασιλεῖ,
561 3353 636 3416 ὡς
675 3355 847 3425 μόνην
884 3357 1092 3426 ταύτην
1139 3357 1351 3412 πολλῶν
1401 3360 1724 3430 ἀπαλλαγῆς
1759 3380 1858 3415 κα-

280 3441 398 3495 κῶν
427 3444 606 3497 αἰτίαν
634 3447 925 3516 ἐσομένην.
957 3449 1269 3518 Πυθόμενος
1309 3451 1365 3504 δὲ
1406 3451 1499 3503 καὶ
1531 3453 1663 3521 περὶ
1713 3452 1857 3516 Τζυ-

282 3532 453 3610 ράκη,
490 3536 575 3588 δτι
603 3536 671 3587 τὰ
700 3536 846 3590 αύτά
882 3538 1077 3605 ἐκείνῳ
1103 3536 1366 3606 βούλοιτο,
1401 3540 1664 3608 συνῆλθόν
1693 3557 1751 3591 τε
1776 3541 1856 3602 είς

279 3623 500 3692 λόγους,
537 3627 633 3677 καὶ
665 3625 952 3679 συνέθεντο
984 3631 1135 3698 κοινῇ
1170 3627 1460 3710 τὴνςπόλιν
1495 3629 1705 3698 βασιλεῖ
1747 3647 1856 3681 παι

284 3717 579 3785 ραδιδόναι.
622 3717 728 3770 Καὶ
755 3717 1075 3787 πέμψαντες
1120 3718 1298 3781 αὖθις,
1359 3719 1584 3788 ἐδήλουν
1645 3717 1858 3788 βασιλεῖ

283 3810 363 3871 ὡς
389 3810 482 3860 καὶ
511 3809 866 3870 Φακεωλάτος
897 3810 1188 3878 πρόσθοιτο
1211 3812 1325 3871 τοῖς
1355 3810 1688 3880 πράττουσιν
1715 3812 1855 3880 ὑπὲρ

283 3901 474 3954 αὐτοῦ.
523 3901 680 3954 Ἐπεὶ
701 3901 757 3953 δὲ
792 3901 899 3953 ἔδει
927 3902 1021 3953 καὶ
1053 3900 1334 3969 ἀξιόλογόν
1373 3919 1496 3956 τινα
1521 3902 1697 3954 ἐλθεῖν
1717 3904 1853 3974 πρὶς

285 3991 534 4060 βασιλέα.
566 3991 706 4044 ὥστε
767 3991 1058 4045 συνθέσθαι
1093 3991 1186 4044 τὸν
1241 3991 1454 4062 χρίνον,
1501 3993 1559 4044 ἐν
1603 3986 1854 4062 ᾧδεήσει

281 4084 449 4136 αὐτόν
474 4098 534 4135 τε
563 4085 847 4153 παρεῖναι,
879 4083 973 4136 καὶ
1014 4083 1112 4152 τὴν
1143 4082 1347 4136 ἅλωσιν
1387 4083 1641 4148 ἐκείνους
1675 4086 1852 4155 πράτ-

267 4190 421 4238 σειν,
473 4171 621 4238 εδοξε
693 4173 1060 4243 σκεψαμένοις
1103 4173 1198 4226 τὸν
1252 4174 1676 4245 Μικροκέφαλόν
1728 4194 1853 4231 τινα

281 4265 546 4334 πέμπειν.
583 4265 695 4318 Καὶ
736 4263 1231 4335 μεταπεμψάμενοι
1274 4265 1388 4317 τῶν
1421 4281 1481 4316 τε
1526 4266 1855 4336 ἀπορρήτων

279 4354 562 4408 ἐποιοῦντο
591 4355 999 4420 κοινωνὸν,.καὶ
1022 4355 1298 4423 παρῄνουν
1356 4354 1673 4422 αὐτομολεῖν
1717 4358 1854 4426 πρὴς

283 4444 508 4513 βασιλέα
531 4443 717 4512 δῆθεν,
745 4446 842 4498 καὶ
871 4444 1051 4498 πάντα
1089 4445 1223 4514 δῆλα
1255 4445 1544 4517 καθιστᾷν,
1578 4448 1674 4499 καὶ
1719 4449 1849 4517 χρό-

1960 623 2016 668 ct
2048 630 2168 668 cum
2199 615 2467 669 Cinnan
2501 615 2726 686 mystico
2761 625 2923 686 atque
2954 616 3134 670 Asane
3159 617 3532 688 panbyperse-

1961 704 2116 764 basto
2167 704 2232 760 ad
2285 705 2726 762 Cantacnvzennm
2775 709 2922 764 bello
2969 710 3408 780 persequendum
3454 711 3538 766 ina

1959 797 2298 866 cumbebat),
2330 809 2383 854 et
2433 816 2554 854 cum
2585 801 2796 857 Latinis
2829 802 3148 873 belligerare
3192 804 3294 858 sibi
3326 807 3393 859 ad
3427 805 3532 860 int-

1961 888 2094 959 perii
2117 890 2547 947 incolumitatem
2574 894 2716 947 hand
2744 895 3037 964 quidquam
3063 897 3534 959 commodaturum

1965 982 2279 1050 providens,
2309 999 2408 1038 nec
2442 985 2730 1040 manifeste
2777 986 2984 1055 legatos
3015 986 3345 1053 dimittebat,
3374 990 3532 1058 quasi

1964 1071 2151 1143 iniqua
2188 1083 2438 1144 peterent
2466 1112 2480 1141 ,
2514 1092 2616 1130 nec
2648 1078 3018 1138 mollesCt-bat,
3049 1089 3104 1132 ιιι
3136 1077 3531 1134 Phaceolatum

1961 1162 2203 1230 la-deret,
2238 1165 2332 1218 sed
2365 1166 2667 1220 clementer
2705 1183 2769 1222 ac
2806 1169 3041 1240 benigne
3072 1169 3287 1224 volebat
3309 1181 3534 1224 contro-

1963 1255 2194 1310 versiam
2225 1255 2500 1324 decidere,
2523 1267 2578 1311 et
2606 1257 2814 1314 Latinis
2837 1276 2895 1314 se
2918 1277 3303 1330 responsuram
3329 1263 3532 1330 aiebat,

1961 1348 2007 1403 si
2045 1348 2200 1417 prius
2231 1364 2419 1404 eorum
2461 1350 2730 1420 postulata
2761 1351 2905 1422 apud
2939 1355 3182 1408 animum
3224 1355 3363 1410 bene
3402 1371 3533 1424 per-

1963 1430 2267 1510 pendisset.
2301 1439 2693 1497 Phaceolatmn
2731 1442 2938 1498 interea
2987 1446 3265 1511 monebat,
3316 1449 3534 1502 videret

1963 1532 2128 1587 etiam
2170 1542 2333 1602 atque
2377 1532 2562 1599 etiam,
2597 1534 2876 1603 quomodo
2913 1534 3230 1590 [minorum
3283 1538 3530 1599 insidias.

1961 1638 2096 1693 quas
2113 1623 2164 1677 ei
2185 1622 2276 1677 diu
2308 1634 2584 1695 noctuque
2607 1633 2882 1694 pararent,
2909 1625 3194 1696 cllugeret.
3225 1628 3318 1682 Ille
3345 1631 3529 1684 statim

1962 1714 2214 1770 CUledt‘S
2255 1717 2504 1786 corporis
2535 1716 2638 1771 sibi
2677 1716 2944 1772 adhibuit.
2976 1718 3042 1772 Et
3083 1734 3206 1772 cum
3243 1735 3339 1788 per
3375 1720 3527 1789 pala-

1964 1803 2097 1857 tium
2150 1819 2352 1875 perque
2402 1807 2617 1872 urbem,
2675 1817 2915 1861 armatos
2963 1808 3169 1862 circum
3219 1824 3276 1862 se
3323 1809 3531 1864 habens

1961 1894 2288 1958 ambularet,
2320 1895 2454 1951 nulli
2486 1906 2669 1951 tamen
2702 1909 2991 1966 suSpectus
3013 1909 3146 1955 erat.
3185 1899 3383 1953 Verum
3407 1917 3528 1955 cum

1956 1983 2069 2054 jam
2109 1993 2237 2040 ante
2274 1987 2434 2041 malis
2465 2002 2495 2040 e
2524 1987 2665 2041 bello
2688 1987 3082 2058 exsistentilius
3120 1989 3529 2059 ingemisceret,

1927 2119 1931 2122 ς
1966 2091 2145 2148 neque
2177 2081 2397 2133 nescius
2421 2085 2568 2134 esset
2594 2088 2795 2148 quanta
2826 2080 3191 2148 improbitate,
3218 2081 3416 2149 quibus
3441 2098 3532 2134 caa-

1958 2167 2179 2224 lnmniis
2225 2183 2453 2240 magnus
2511 2170 2622 2224 dux
2650 2179 2702 2223 et
2745 2171 3052 2238 patriarcha
3085 2171 3531 2227 Cantacuzenum

1957 2259 2023 2314 ad
2045 2270 2318 2315 extremas
2344 2259 2597 2315 miserias
2619 2259 3016 2327 devolvisscnt,
3041 2278 3202 2331 quem
3228 2262 3354 2332 jure
3378 2279 3532 2334 opor-

1959 2357 2102 2404 teret
2132 2365 2244 2420 pra:
2277 2350 2400 2404 aliis
2429 2364 2702 2404 summum
2748 2359 2937 2404 tenere
2967 2352 3276 2420 imperium,
3315 2353 3406 2407 illo
3433 2369 3531 2407 au-

1961 2451 2068 2496 tem
2097 2450 2339 2511 tempore
2379 2441 2448 2495 ob
2489 2443 2738 2496 timorem
2777 2459 2887 2512 quo
2919 2443 3296 2508 obsidebatur,
3327 2445 3531 2500 clarius

1957 2533 2085 2604 quid
2128 2533 2403 2588 communi
2451 2549 2515 2589 ac
2559 2533 2662 2588 sibi
2690 2535 2944 2604 privatim
2989 2544 3171 2604 posset
3219 2539 3533 2592 conducere

1957 2625 2438 2690 animadverteret,
2488 2626 2606 2696 ipse
2655 2627 2933 2692 similiter,
2965 2629 3188 2697 quando
3254 2629 3372 2684 hac
3421 2646 3531 2685 una

1957 2723 2015 2772 et
2042 2715 2156 2772 sola
2188 2715 2274 2769 via
2297 2729 2328 2770 e
2355 2713 2543 2769 multis
2566 2717 2723 2770 malis
2753 2719 3066 2786 etltergendi
3103 2717 3530 2787 relinqueretur,

1957 2805 2025 2862 de
2046 2807 2381 2876 imperatore
2433 2809 2485 2860 in
2539 2806 2731 2861 urbem
2786 2809 3107 2878 recipiendo
3139 2811 3425 2879 cogitavit.
3458 2811 3533 2866 Ut

1958 2913 2121 2967 porro
2146 2899 2357 2968 accepit
2402 2897 2664 2968 Zyracem
2697 2898 2888 2953 eadem
2925 2899 3128 2963 moliri,
3162 2916 3288 2954 cum
3321 2917 3389 2956 eo
3421 2903 3528 2957 col-

1957 2989 2190 3055 locutus,
2255 2998 2309 3043 et
2367 2989 2435 3045 de
2507 2990 2727 3046 civitate
2791 2995 3138 3048 concorditer
3208 2995 3530 3064 imperatori

1957 3080 2199 3136 dedenda
2235 3090 2424 3151 pactus
2454 3091 2576 3149 est;
2608 3081 2696 3136 cui
2735 3079 2917 3138 denuo
2945 3084 3344 3154 signiﬁcarunt,
3363 3086 3528 3142 etiam

1957 3172 2352 3227 Pbaceolatum
2372 3175 2438 3226 ad
2462 3171 2637 3242 ipsius
2657 3174 3188 3243 partiumsmdiosos
3211 3176 3528 3232 accessisse.

1964 3263 2031 3321 Ut
2073 3275 2251 3319 autem
2280 3280 2311 3319 e
2343 3265 2619 3335 primariis
2649 3267 2958 3336 quempiam
2999 3267 3063 3320 ad
3092 3282 3216 3321 eum
3251 3267 3390 3323 mitti
3424 3282 3527 3324 ne-

1957 3371 2108 3413 cesse
2139 3356 2260 3423 luis,
2292 3373 2414 3412 cum
2447 3373 2555 3427 quo
2589 3358 2652 3412 de
2676 3369 2923 3428 tempore
2949 3359 3357 3424 decerneretur,
3413 3373 3524 3428 quo

1957 3451 2194 3517 veniret,
2225 3449 2442 3520 ipsique
2475 3449 2665 3504 urbem
2707 3449 3072 3512 transdereut,
3114 3449 3374 3517 placitum
3421 3459 3528 3512 est.

1957 3555 2014 3592 re
2035 3539 2377 3594 considerata
2401 3578 2416 3602 ,
2444 3539 2662 3592 mittere
2688 3539 2974 3607 quemdam
3007 3537 3228 3591 nomine
3275 3537 3532 3593 Microce-

1960 3627 2203 3696 phalum,
2237 3643 2399 3695 quem
2452 3627 2712 3692 a‘ecitum,
2743 3640 3080 3682 secretorum
3129 3629 3335 3682 faciunt
3399 3646 3532 3684 con-

1954 3715 2150 3782 scium,
2178 3715 2516 3784 suadentque
2546 3716 2612 3770 ad
2647 3717 3026 3785 imperatorem
3056 3719 3197 3772 ultro
3229 3719 3527 3790 confugiat,

1956 3807 2115 3876 eique
2162 3808 2416 3877 aperiens
2468 3808 2675 3874 omnia,
2713 3809 2780 3872 de
2836 3819 3084 3880 tempore
3123 3809 3391 3864 adventus
3427 3809 3528 3882 By-

1955 3898 2194 3952 zantium
2228 3913 2350 3952 cum
2380 3913 2446 3952 eo
2474 3899 2788 3953 conveniat.
2821 3899 3253 3970 Mierocepltalus
3297 3902 3522 3971 negotio

1955 3999 2232 4059 suscepto,
2282 3987 2689 4060 Petrogurgnro
2743 3991 2960 4045 cuidam
3015 3991 3405 4045 naviculariam
3446 3991 3525 4044 fa-

1953 4083 2138 4147 cienti,
2168 4091 2224 4137 et
2257 4082 2582 4137 Pliaceolato
2610 4083 2964 4148 amicissimo,
2998 4083 3298 4155 Selybriam
3349 4083 3519 4138 dedu-

1953 4174 2160 4230 cendus
2202 4175 2562 4229 committitur
2593 4191 2607 4229 :
2637 4185 2795 4229 erant
2841 4175 3106 4245 siquidem
3161 4173 3392 4228 inducia:
3425 4172 3519 4228 Sc-

1953 4263 2213 4335 lybrianis
2238 4279 2361 4316 cum
2389 4263 2687 4335 Byzantiis,
2722 4280 2785 4320 ac
2827 4265 3309 4320 mereimoniornm
3349 4264 3523 4333 gratia

1952 4370 2109 4425 aeque
2163 4367 2432 4425 praesente
2489 4366 2546 4410 ut
2605 4339 2838 4411 absente
2885 4357 3214 4425 imperatore
3262 4355 3407 4408 inter
3463 4370 3524 4410 se

1952 4446 2356 4500 commeabant.
2416 4443 2554 4500 Nam
2626 4445 3002 4502 continentem
3061 4446 3227 4516 692
3296 4444 3522 4500 Barbari

280 4550 374 4587 νον
431 4533 738 4587 συντιθέναι
789 4533 912 4587 καθ’
942 4531 1002 4585 δν
1053 4535 1264 4587 ἐκεῖνον
1327 4539 1584 4605 παρεῖναι
1639 4536 1843 4606 δεήσει.

1956 4535 2307 4592 incursabant
2364 4553 2427 4592 ac
2494 4538 2944 4608 depra'dabantur
2988 4540 3230 4601 assidue,
3267 4554 3369 4592 nec
3414 4537 3522 4592 ulla

290 4625 446 4678 Ἐπεὶ
475 4625 532 4678 δὲ
564 4623 812 4677 ἐπείθετο
839 4624 978 4693 πρὸς
997 4623 1096 4695 τὴν
1117 4626 1484 4696 ἐπιχείρησιν,
1510 4627 1854 4697 Πετρογουρσ

277 4715 462 4784 γούρῳ
513 4715 620 4767 τινὶ
676 4716 806 4784 περὶ
851 4715 1083 4768 ναυτικὰ
1139 4715 1530 4785 ὴσχολημένῳ,
1559 4717 1849 4788 ἐπιτηδείῳ

282 4805 520 4873 μάλιστα
569 4805 912 4870 Φακεωλάτῳ
945 4806 1082 4869 δντι,
1117 4806 1218 4874 τὴν
1251 4806 1679 4875 Μικροκεφάλου
1715 4809 1852 4878 πρὸς

283 4892 641 4967 Σηλυμϐρίαν
699 4897 1010 4967 ἀπαγωγὴν
1073 4897 1384 4968 ἐπέτρεπον
1427 4898 1492 4950 ἐκ
1541 4895 1848 4968 θαλάττηςο

277 4988 556 5059 δκεχειρία
588 4990 696 5057 γάρ
743 5006 827 5051 τις
859 4985 928 5060 ἦν
978 4989 1417 5059 Σηλυμϐριανοῖς
1469 4989 1604 5059 πρὸς
1640 4990 1849 5052 Βυζανι-

277 5075 450 5142 τίους,
487 5081 585 5132 καὶ
617 5079 789 5141 ἀδεῶς
839 5079 1072 5148 ἐφοίτων
1103 5079 1242 5149 πρὸς
1289 5077 1555 5147 ἀλλήλους
1580 5078 1849 5148 ἐμπορίας

277 5167 465 5232 ἕνεκα,
500 5171 703 5239 ὁμοίως
749 5189 808 5224 τε
839 5173 1106 5243 παρόντος
1147 5171 1243 5224 καὶ
1295 5172 1523 5234 ἀπόντος
1559 5171 1848 5241 βασιλέως.

286 5259 385 5313 Ἐκ
406 5262 505 5329 γῆς
535 5262 590 5314 δὲ
609 5262 852 5331 λῃστεῖαί
883 5280 942 5314 τε
971 5258 1110 5332 ἦσαν
1138 5264 1379 5332 συνεχεῖς
1419 5265 1514 5315 καὶ
1549 5263 1844 5333 βαρϐάρων

276 5351 479 5420 ἔφοδοι,
514 5357 612 5406 καὶ
634 5353 786 5406 οὐδὲν
818 5353 990 5406 δεινὶν
1033 5351 1103 5423 ἦν
1159 5354 1188 5406 δ
1247 5355 1323 5424 μὴ
1355 5356 1560 5424 παρῆν,
1605 5355 1647 5408 ἃ.
1671 5356 1844 5408 ἐποίει

274 5440 482 5512 ἄπορον
531 5445 848 5496 παντάπασι
898 5442 997 5513 τὴν
1049 5443 1244 5499 δίοδον.
1296 5444 1555 5507 Ἐκείνοις
1609 5445 1709 5513 μὲν
1753 5441 1844 5498 οὖν

271 5532 418 5586 οὓτω
472 5534 894 5606 Μικροκέφαλος
951 5534 1374 5605 παρεσκεύαστο
1431 5535 1568 5606 πρὸς
1623 5536 1844 5604 βασιλέα

1951 4627 2138 4683 aberat
2167 4630 2433 4683 malorum
2467 4630 2652 4684 facies.
2683 4628 2836 4685 Unde
2870 4631 2956 4684 via
3013 4631 3340 4685 omnimodis
3376 4630 3520 4684 invia
3567 4683 3588 4710 λ

1951 4719 2158 4771 reddet)
2195 4729 2302 4771 tur.
2339 4717 2428 4771 Sic
2461 4719 2532 4771 illi
2559 4719 3012 4788 Microcepbalum
3042 4721 3108 4774 ad
3137 4722 3519 4790 imperatorem

1951 4808 2326 4875 profecturum
2376 4808 2738 4863 adornabant.
2793 4807 2979 4880 Neque
3014 4823 3196 4866 tamen
3230 4815 3524 4874 arebontes
3595 4818 3598 4822 ’

1951 4899 2195 4970 Byzantii
2253 4900 2618 4968 dormiebant,
2653 4902 2850 4971 quibus
2899 4905 3071 4958 visum
3105 4914 3187 4960 est
3224 4911 3528 4980 propositis

1951 4993 2322 5061 imperatricis
2365 4993 2585 5046 nomine
2619 4995 2857 5063 praemiis
2887 5010 2996 5048 non
3040 4997 3357 5068 vulgaribus
3385 5001 3519 5056 ruit-

1949 5092 2083 5148 terc,
2150 5101 2212 5137 ae
2275 5087 2567 5139 nonnullos
2614 5087 2681 5140 de
2735 5087 3088 5156 imperatoris
3151 5090 3516 5162 familiaribus

1950 5180 2109 5228 morti
2140 5177 2359 5242 olIerre,
2389 5179 2473 5230 cui
2501 5179 2677 5247 operi,
2715 5193 2771 5232 re
2804 5178 3228 5248 circumspecta,
3258 5181 3518 5240 Microee-

1949 5268 2170 5337 plialum
2237 5269 2860 5324 accommodatissimum
2921 5273 3270 5341 judicabant.
3333 5275 3514 5341 Quem

1949 5361 2301 5421 advocantes,
2339 5360 2569 5430 cogitata
2604 5363 2673 5414 illi
2711 5355 2801 5414 sua
2830 5363 3222 5432 rxpl:maut,et
3248 5370 3520 5438 exquisita

1952 5452 2138 5506 beneﬁt
2161 5454 2207 5506 ia
2253 5456 2543 5522 ενυιιιιριιι.
2580 5453 2629 5508 Is
2657 5456 2893 5525 primum
2933 5457 3037 5512 hoc
3082 5459 3260 5513 accitu
3301 5460 3518 5530 timere,

1947 5556 2010 5594 ae
2039 5543 2105 5593 de
2138 5542 2272 5595 urbe
2328 5541 2590 5596 tradenda
2626 5542 2937 5598 laborantes
2969 5545 3345 5614 deprehensos
3390 5549 3515 5604 eai—

271 5620 442 5691 ἧξων.
476 5626 550 5678 Ού
589 5627 698 5697 μὴν
728 5625 854 5678 ούδέ
885 5627 934 5679 oi
965 5628 1022 5679 ἐν
1057 5626 1334 5698 Βυζαντίῳ
1370 5628 1661 5696 Ἄρχοντες
1710 5626 1848 5694 ἦμέ-

1956 5631 2185 5685 stimare.
2211 5629 2410 5685 Verum
2437 5641 2495 5686 nt
2518 5633 2718 5703 negotii
2741 5633 2959 5703 ignaros
2979 5637 3169 5700 sensit,
3187 5639 3336 5706 quod
3359 5640 3516 5709 iube-

273 5712 419 5768 λουν·
447 5717 562 5769 ἀλλ’
591 5717 769 5770 ἐδόκει
793 5719 902 5770 δεῖν
930 5719 1210 5782 κάκείνοις
1232 5717 1482 5786 πέμψασι
1508 5718 1848 5788 διαφθείρειν

1956 5729 2120 5786 batur,
2167 5723 2570 5791 promptissime
2602 5734 2920 5778 curaturum
2981 5728 3210 5796 recepit.
3263 5726 3397 5781 Tum
3431 5728 3510 5782 illi

273 5809 428 5871 “Sth
461 5809 569 5862 τῶν
605 5809 818 5878 βασιλεῖ
880 5811 1168 5876 συνόντων,
1226 5810 1394 5865 πολλὰ
1443 5813 1506 5864 ἐκ
1547 5811 1837 5878 ,βασιὶίδος

1949 5813 2154 5869 litteras
2199 5814 2554 5869 conseribunt
2605 5814 2670 5869 ad
2707 5831 2843 5886 quos
2881 5817 3102 5884 volunt,
3145 5834 3379 5890 cumqu
3409 5821 3516 5874 itis
