3964 6552
424 361 558 430 12ὒῖ

1599 353 1920 425 JOANNIS
1958 355 2043 413 CA
2057 350 2488 412 N'l‘ACUZENI

3538 349 3678 414 1232

418 478 564 532 malo
595 451 1211 545 Augustatnomtirret'e
1241 477 1528 538 oporteat;
1582 466 1990 534 afﬁrmabatque

2102 462 2291 532 τειχῶν
2326 463 2354 514 ό
2386 461 2868 531 Καντακουζηνος,
2897 458 2928 512 δ
2963 458 3307 529 φυλάξασθαι
3345 443 3472 514 δέον
3515 461 3674 530 βασι-

299 567 305 574 ’
419 569 472 624 id
505 583 562 622 se
593 565 1025 635 exploratissime
1073 577 1255 624 nosse,
1290 568 1475 629 utpote
1520 561 1744 612 missum
1792 562 1861 612 ab
1899 558 1984 617 iis,

416 662 740 730 quibuscum
778 659 1120 724 ipsearcana
1171 669 1265 706 sua
1313 649 1764 704 communicaret.
1815 647 1992 717 Impe-

419 755 589 808 ratrix
626 759 736 804 rata
771 748 1014 803 fraudem
1052 746 1120 799 ab
1167 744 1358 798 amicis
1389 744 1709 812 patriarchae
1755 739 1992 793 fabrica-

422 857 552 908 tam,
585 857 644 900 ut
693 845 807 913 ipsa
854 841 920 895 ad
958 839 1209 894 nuntium
1240 847 1608 897 consternata,
1645 835 1734 889 ille
1785 832 1991 903 suppli-

421 940 564 994 cium
598 937 846 992 admissae
879 933 929 986 in
965 932 1130 985 Deum
1171 928 1468 998 impietatis
1492 925 1768 989 evaderet,
1798 940 1905 979 non
1933 938 1992 978 se

422 1035 544 1088 loco
588 1031 948 1084 discessuram
995 1021 1362 1081 asseverabat.
1391 1019 1642 1089 quamvis
1689 1017 1850 1086 plane
1883 1015 1991 1071 sci-

425 1136 525 1187 ret,
556 1141 616 1177 ca
647 1123 763 1191 ipsa
797 1127 952 1173 nocte
978 1118 1414 1172 Cantacuzcnum
1451 1114 1589 1165 intra
1623 1108 1820 1165 mmnia
1855 1108 1989 1162 fore.

426 1217 549 1272 Ilaec
591 1215 702 1275 illa,
735 1227 858 1266 cum
903 1209 1097 1263 falsum
1150 1204 1424 1275 apportari
1473 1201 1725 1255 nuntium
1761 1199 1993 1253 arbitra-

425 1320 592 1372 retur,
643 1307 736 1376 qui
790 1312 910 1358 crat
948 1300 1136 1370 utique
1187 1297 1523 1352 verissimus.
1565 1294 1633 1350 Ut
1675 1293 1820 1347 enim
1867 1305 1990 1346 cum

424 1400 554 1462 illis,
587 1412 616 1451 a
650 1395 847 1466 quibus
895 1391 960 1446 ad
1007 1391 1197 1444 urbem
1244 1385 1564 1455 capiendam
1613 1380 1990 1452 adjuvabatur,

421 1491 564 1546 diem
596 1485 901 1548 constituit,
931 1499 1038 1552 quo
1069 1481 1160 1534 die
1191 1488 1246 1534 et
1277 1478 1392 1547 ipse
1426 1476 1666 1538 adesset,
1694 1485 1748 1528 et
1777 1474 1850 1528 illi
1879 1474 1992 1527 Au-

423 1597 571 1638 ream
631 1587 844 1650 portam
901 1575 1235 1629 obstructam
1313 1568 1691 1638 perforarcnt,
1750 1565 1992 1636 Selybria

2095 554 2250 607 λίδαο
2303 553 2611 624 ίσχυρίζετό
2664 571 2723 607 τε
2777 554 3093 622 σαφέστατα
3123 553 3327 608 εἰδέναι
3377 555 3677 625 παράτῶν

2091 651 2163 702 τὰ
2203 649 2496 718 ἀπόρρητα
2529 647 2940 702 κοινωνούντων
2972 647 3123 718 αὐτῷ
3165 647 3466 717 πεμφθείς,
3506 649 3676 701 Βασι-

2091 742 2176 805 λὶς
2197 742 2254 794 δέ
2287 743 2412 794 ἐπεὶ
2448 740 2704 803 ἐπύθετο,
2730 737 2950 810 ἀπάτην
2978 735 3117 794 εἶναι
3137 739 3392 809 οίηθεῖσα
3428 741 3542 794 ὑπὸ
3567 741 3678 793 τῶν

2094 835 2440 906 πατριάρχου
2476 833 2646 903 φίλων
2677 832 3218 904 συνεσκευασμόνην,
3245 833 3316 886 ἶν’
3341 833 3518 901 αὐτῆς
3538 834 3679 902 πρὸς

2091 928 2190 1000 τὴν
2219 927 2479 997 ἀγγελίαν
2511 926 2933 998 θορυϐηθείσης,
2965 925 3027 979 τὸ
3057 924 3243 980 δοῦναι
3263 925 3429 994 δίκην
3465 925 3676 984 ἐκεῖνος

2091 1021 2328 1093 διαδρῴη
2367 1019 2455 1090 ἐφ’
2487 1016 2570 1084 οἷς
2609 1019 2876 1090 ἐτόλμησε
2902 1019 3044 1072 κατά
3077 1018 3242 1083 Θεοῦ,
3272 1021 3375 1072 οὐκ
3405 1018 3518 1087 εφη
3546 1019 3679 1070 ἀνα-

2097 1115 2416 1185 στήσεσθαι,
2446 1114 2496 1165 εί
2536 1113 2633 1166 καὶ
2669 1111 2855 1179 σαφῶς
2886 1110 3054 1180 εἰδείη
3086 1113 3146 1164 ἐν
3191 1110 3382 1182 ἐκείνῃ
3413 1113 3484 1180 τῇ
3521 1113 3679 1161 νυκτὶ

2097 1203 2554 1273 Καντακουζηνὸν
2581 1204 2845 1272 ἐσόμενον
2876 1203 3026 1264 ἐντὸς
3048 1201 3270 1269 τειχῶν.
3315 1202 3387 1254 Ἦ
3420 1203 3526 1270 μὶν
3582 1196 3679 1253 οὖν

2091 1297 2318 1350 τοιαῦτα
2347 1294 2732 1364 ἀπεφθέγξατο
2772 1294 2847 1366 μὴ
2887 1291 3026 1348 εἶναι
3056 1287 3234 1365 ἀληθῆ
3266 1293 3370 1365 τὴν
3407 1293 3680 1360 ἀγγελίαν

2091 1390 2359 1459 οίηθεῖαα.
2393 1388 2467 1440 Τὸ
2501 1388 2558 1440 δὲ
2581 1383 2649 1459 ἦν
2679 1387 2788 1455 ἀρα
2825 1386 3023 1458 ἀληθές
3047 1400 3061 1416 ’
3095 1387 3174 1450 ώς
3207 1385 3321 1456 γὰρ
3353 1386 3418 1439 ἐκ
3463 1385 3681 1455 Σηλυμ-

2093 1480 2256 1551 ϐρίας
2297 1479 2438 1551 μετά
2472 1480 2534 1532 τὸ
2595 1479 2944 1550 προθεσμίαν
2997 1478 3293 1534 συνθέσθαι
3350 1478 3496 1550 πρὸς
3551 1481 3680 1537 τοὺς

2094 1573 2432 1644 πράττοντας
2485 1569 2584 1642 τὴν
2645 1570 2874 1636 ἅλωσιν,
2914 1565 3039 1641 ἐνῇ
3088 1570 3255 1624 αὐτόν
3302 1586 3366 1623 τε
3415 1570 3679 1640 παρεῖναι

421 1670 825 1742 AdrianOpulim
871 1665 1143 1728 discessit,
1189 1677 1313 1716 cum
1348 1660 1580 1728 amplius
1626 1658 1774 1712 inille
1801 1670 1833 1711 e
1881 1664 1995 1710 toto

2102 1665 2228 1731 ἔδει,
2263 1662 2552 1724 κάκείνους
2589 1661 2689 1731 τὴν
2712 1661 2936 1731 Χρυσῆν
2961 1657 3147 1732 πύλην
3184 1660 3496 1729 διορύττειν
3525 1660 3678 1725 ἀπῳ-

423 1766 665 1822 exercitu
694 1761 916 1818 delectis
955 1757 1218 1811 militibus
1249 1754 1340 1822 (ne
1370 1751 1696 1822 proderetur
1725 1748 1991 1809 videlicet.

2102 1753 2502 1823 κοδομημένην,
2532 1753 2613 1815 είς
2661 1751 3108 1821 Ἀδριανούπολιν
3139 1751 3347 1822 ἀπῆρε,
3391 1751 3456 1803 τὸ
3494 1751 3680 1803 κάλλι-

423 1856 468 1913 si
495 1867 747 1925 magnam
786 1847 1188 1904 multitudinem
1225 1841 1494 1912 duceret),
1532 1854 1735 1909 perque
1778 1839 1993 1893 deserta

2102 1863 2225 1900 στον
2241 1843 2648 1914 ἀπολεξάμενος
2672 1842 2773 1913 τῆς
2799 1844 3062 1914 στρατιᾶς
3087 1843 3229 1912 ὑπὲρ
3253 1843 3464 1914 χιλίους
3493 1846 3676 1909 ὄντας.

423 1959 479 2006 et
525 1949 643 2003 avia
687 1945 790 1999 iter
828 1940 1056 2005 faciens,
1089 1937 1417 1992 necessitate
1459 1933 1690 2005 quadam
1726 1931 1995 2002 praepedi-

421 2054 532 2106 tus,
563 2041 651 2096 die
680 2053 789 2092 uno
823 2033 1032 2089 tardius
1075 2030 1242 2090 venit.
1275 2041 1436 2096 quam
1485 2023 1811 2093 praeﬁnitum
1839 2031 1990 2087 erat;

424 2152 546 2192 cum
582 2135 787 2186 interea
819 2122 1239 2196 cogitationibus
1268 2119 1686 2180 distraheretur,
1721 2123 1994 2180 metuens,

419 2243 495 2282 ne
527 2237 649 2295 pars
681 2222 798 2290 ejus
822 2222 937 2288 ipso
965 2215 1145 2269 adhuc
1178 2213 1424 2272 absente,
1453 2223 1516 2260 ex
1550 2207 1835 2262 conventis
1866 2219 1995 2274 por-

427 2329 552 2373 tam—
588 2313 833 2384 perfosso
883 2321 1041 2363 muro
1091 2304 1364 2374 aperiens.
1418 2300 1677 2369 flagrante
1723 2298 1922 2352 delicto
1965 2311 1996 2351 a

426 2412 628 2482 populo
671 2414 956 2462 necaretur
987 2419 1000 2456 :
1039 2399 1361 2467 dolebatque
1391 2392 1802 2451 incredibiliter,
1832 2387 1997 2460 695

427 2481 534 2559 non
583 2503 760 2556 solum
792 2496 934 2567 quod
983 2491 1242 2566 Byzantio
1287 2489 1662 2550 frustraretur,
1699 2484 1792 2538 sed
1833 2481 1996 2536 etiam

427 2596 569 2668 quod
614 2594 815 2648 bonum
847 2600 1134 2644 numerum
1167 2583 1464 2638 amicorum
1501 2580 1801 2632 amissurus
1830 2582 1997 2630 esset.

427 2667 680 2746 Attamen
719 2699 826 2737 non
858 2679 1103 2735 funditus
1133 2676 1344 2745 abiecta
1377 2687 1472 2742 spe
1499 2672 1687 2726 eodem
1720 2667 2001 2740 gradieba-

431 2794 538 2838 tur.
567 2777 740 2835 Amici
771 2784 826 2828 et
854 2771 956 2842 ipsi
985 2767 1316 2823 necessitate
1340 2765 1571 2832 quadam
1600 2761 1691 2815 ilio
1715 2761 1805 2814 die
1831 2770 2002 2813 retar-

426 2872 563 2936 dati,
592 2869 682 2923 die
725 2867 918 2929 altero,
943 2873 1052 2931 quo
1080 2861 1134 2914 in
1171 2855 1370 2926 palatio
1398 2862 1587 2909 contra
1635 2851 2000 2922 patriarcham

429 2950 734 3020 co'nventus
778 2954 1061 3027 agebatur,
1088 2947 1502 3010 convenientes,
1525 2952 1736 3015 portam
1765 2944 1999 2996 Auream

427 3072 554 3113 cum
601 3049 967 3121 trepidatione
1021 3053 1078 3100 et
1127 3042 1286 3098 anxia
1332 3054 1462 3096 cura
1506 3037 1778 3108 aperiunt.
1811 3035 1998 3090 Time;

426 3150 560 3203 bant
588 3143 875 3213 siquidem,
908 3151 978 3192 ne
1011 3133 1352 3208 praecedente
1382 3138 1541 3186 nocte
1575 3131 1799 3184 veniens
1827 3129 2000 3198 impe-
2026 3121 2071 3181 C

427 3249 598 3302 rator,
629 3245 683 3290 et
708 3250 772 3288 ex
803 3230 975 3302 pactis
1015 3226 1148 3280 nihil
1181 3225 1308 3279 dum
1347 3223 1549 3278 factum
1577 3221 1881 3284 inveniens,
1911 3233 1999 3274 re-

429 3330 708 3388 cessisset.
758 3323 970 3392 ipsique
1015 3317 1236 3386 proditi,
1271 3315 1391 3384 ejus
1433 3329 1616 3380 causa,
1664 3313 1784 3367 neci
1832 3312 2002 3368 dede.

431 3429 642 3476 rentur.
678 3414 884 3468 Tamen
915 3425 1015 3465 nec
1059 3407 1163 3478 ipsi
1207 3407 1438 3460 salutem
1469 3405 1521 3458 in
1565 3403 1866 3470 desperatis
1891 3402 1994 3457 du-

431 3519 644 3572 centes,
690 3513 900 3575 portam
954 3506 1354 3570 perrumpunt;
1398 3505 1516 3550 erat
1561 3495 1706 3550 enim
1754 3494 2001 3565 peditum

379 3669 384 3674 _
432 3603 788 3672 equitumque
826 3591 971 3649 haud
998 3588 1456 3647 contemnendum
1488 3602 1702 3657 agmen,
1735 3597 1793 3642 et
1821 3586 1866 3641 si
1893 3602 2001 3656 qua

435 3695 518 3748 vis
545 3693 845 3762 ingrueret,
875 3701 933 3740 se
959 3682 1250 3737 defendere
1275 3679 1419 3733 illam
1447 3693 1608 3749 posse
1631 3679 1999 3734 confidebant.

438 3786 495 3842 Si
527 3784 766 3856 perfussa
811 3787 963 3849 porta
1011 3776 1392 3844 imperatorem
1431 3789 1537 3826 non
1577 3772 1905 3835 invenirent,
1933 3774 2002 3827 ad

435 3894 560 3933 eum
609 3874 755 3928 abire
791 3867 1118 3925 statuebant.
1155 3864 1265 3920 Hac
1298 3873 1481 3920 mente
1514 3879 1650 3934 opus
1699 3865 2002 3934 inceptant.

437 3963 687 4033 Synodns
735 3969 916 4014 autem
970 3957 1022 4009 in
1074 3955 1292 4025 palatio,
1329 3964 1616 4024 postquam
1652 3955 1870 4023 copiose
1900 3954 2004 4010 do-

435 4058 569 4122 cuit,
599 4051 962 4124 patriarcham
1007 4048 1185 4118 ipsum
1218 4045 1270 4099 in
1314 4046 1585 4117 germanis
1617 4042 1872 4101 Ecclesia:
1905 4048 2005 4103 do-

435 4148 630 4218 gmatis
662 4144 929 4212 desipere,
961 4151 1015 4194 et
1060 4139 1195 4193 alios
1226 4138 1292 4192 ad
1341 4138 1440 4192 sibi
1473 4139 1881 4194 assentiendum
1913 4155 2004 4194 co-

437 4253 598 4310 gere,
657 4229 1022 4291 concordibus
1075 4244 1199 4282 eum
1260 4228 1546 4282 sententiis
1609 4230 2006 4285 exauctoravit.-

437 4335 608 4396 Quam
655 4327 725 4381 ob
769 4337 988 4378 causam
1039 4319 1294 4384 maxime,
1348 4318 1731 4388 imperatorem
1790 4329 1847 4374 et
1909 4320 2003 4390 qui

2098 1940 2184 1992 ἵνα
2221 1937 2297 2009 μὴ
2331 1939 2658 2007 κατάφωρος
2686 1936 2770 2004 εῐη
2799 1935 3139 2006 ἐπαγόμενος
3165 1934 3400 1997 πολλούς
3421 1953 3435 1967 ο
3467 1938 3564 1991 καὶ
3591 1935 3680 1988 διά

2096 2031 2206 2086 τῶν
2239 2033 2514 2101 ἀοικήτων
2549 2030 2644 2083 καί⁵
2701 2028 2942 2098 ἀτριθῶν
2981 2028 3227 2093 ιδεύσας,
3261 2027 3539 2098 ὑστέρησε
3577 2028 3676 2098 μὲν
3725 2074 3728 2075 ,

2095 2123 2197 2190 τῆς
2223 2120 2564 2192 προθεσμίας
2592 2119 2698 2171 ὑπό
2730 2135 2874 2180 τινος
2909 2118 3158 2187 ἀνάγκης
3192 2117 3466 2181 κωλυθεὶς
3490 2119 3678 2188 ἡμέρα

2101 2217 2234 2286 μιᾷο
2285 2216 2379 2267 καὶ
2433 2213 2651 2274 πο)λοῖς
2687 2210 2915 2263 ἐπάλαιε
2962 2207 3267 2279 λογισμοῖς,
3305 2208 3568 2269 δεδωκὼς
3598 2213 3674 2278 μὴ

2099 2306 2450 2374 διορύξαντες
2485 2305 2536 2356 οῖ
2565 2303 2634 2356 τά
2672 2305 2886 2356 ἐκείνου
2914 2302 3250 2371 πράττοντες
3289 2301 3437 2354 κατὰ
3466 2302 3530 2354 τὸ
3554 2301 3678 2352 σύν-

2100 2397 2248 2467 θημα
2280 2397 2379 2467 τὴν
2405 2394 2601 2467 πύλην,
2635 2395 2796 2458 αὐτὸς
2832 2396 2932 2464 μὲν
2962 2394 3104 2464 ἀπῇ,
3139 2394 3340 2446 ἐκεῖνοι
3362 2394 3419 2446 δέ
3451 2393 3558 2447 ὑπὸ
3581 2394 3677 2446 τοῦ

2098 2489 2272 2558 δήμου
2325 2487 2705 2556 διαφθαρῶσιν
2757 2486 2978 2551 ἁλόντες
3025 2487 3115 2540 ἐπ’
3165 2488 3494 2558 αὐτοφώρῳ.
3565 2486 3677 2540 Καὶ

2100 2583 2482 2654 ἐδυσχέραινεν
2512 2585 2612 2636 οὐκ
2639 2581 2908 2648 ἀνεκτῶς,
2937 2581 3000 2635 οὑ
3042 2581 3200 2652 μόνον
3221 2580 3310 2635 διά
3347 2581 3449 2651 τὴν
3473 2581 3677 2634 ἀποτυ-

2101 2677 2223 2746 χίαν
2255 2674 2578 2739 Βυζαντίου,
2611 2672 2731 2727 ἀλλ’
2761 2673 2846 2726 ὅτι
2870 2674 2967 2726 καὶ
2992 2673 3105 2726 τῶν
3131 2672 3302 2740 φίλων
3329 2671 3563 2741 ἔμελλεν
3579 2673 3678 2724 ούκ

2099 2767 2313 2836 ὀλίγους
2343 2765 2585 2821 ἀπολεῖν.
2619 2766 2812 2834 Ὅμως
2845 2765 2902 2818 δὲ
2936 2766 2998 2817 οὐ
3041 2765 3355 2818 παντάπασι
3387 2763 3502 2816 τῶν
3527 2763 3682 2816 ἐλπί-

2101 2861 2206 2912 δων
2238 2859 2536 2925 ἀπογνοὺς,
2590 2857 2786 2928 ἐχώρει
2816 2857 2910 2909 ἐπὶ
2948 2856 3008 2908 τδ
3037 2856 3333 2920 Βυζάντιον
3360 2856 3580 2916 νυκτός.
3613 2856 3676 2906 Ui

2102 2951 2442 3023 προδιδόντες
2469 2950 2527 3002 δὲ
2555 2948 2650 3002 καὶ
2681 2949 2836 3004 αὐτοὶ
2883 2948 2986 3001 ὑπό
3018 2963 3168 3008 τινος
3209 2947 3460 3017 ἀνάγκης
3500 2947 3681 2998 κωλυ-

2103 3043 2435 3105 θέντεςτοῖς
2464 3041 2708 3110 τείχεσιν
2745 3041 3047 3109 ἐπιχειρεῖν
3101 3038 3243 3092 κατά
3286 3039 3387 3108 τὴν
3439 3038 3678 3107 προθεσ-

2106 3135 2262 3206 μίαν,
2319 3134 2399 3196 είς
2453 3131 2550 3200 τὴν
2616 3131 2915 3198 ὑστεραίαν
2945 3129 3067 3184 καθ’
3093 3131 3160 3202 ἢν
3207 3131 3271 3182 ἐν
3312 3129 3614 3199 βασιλείοις
3644 3133 3676 3192 ἡ

2110 3227 2251 3284 κατὰ
2281 3226 2622 3297 πατριάρχου
2662 3222 2881 3286 σύνοδος
2930 3223 3330 3293 συνεκροτεῖτο,
3378 3221 3679 3292 διώρυττον

2107 3321 2206 3392 τὴν
2235 3317 2458 3388 Χρυσῆν
2509 3315 2684 3386 πύλην
2725 3313 3096 3376 συνελθόντες,
3132 3316 3191 3368 ἐν
3237 3314 3413 3385 πολλῇ
3462 3318 3676 3386 ταραχῇ

2108 3418 2204 3469 καὶ
2243 3412 2390 3481 σάλῳ
2447 3409 2602 3472 ὄντες
2639 3409 2733 3462 καὶ
2783 3405 2958 3461 αὐτοί.
3000 3405 3310 3460 Ἐδεδίεσαν
3358 3408 3471 3478 γάρ
3503 3409 3577 3478 μὴ
3611 3412 3678 3477 τῇ

2111 3500 2491 3573 προγενομὲνῃ
2524 3499 2681 3549 νυκτὶ
2721 3495 2896 3548 ἐλθὼν
2928 3499 2955 3550 ό
2983 3495 3260 3567 βασιλεὺς,
3291 3499 3392 3552 καὶ
3417 3500 3525 3552 τῶν
3555 3517 3680 3553 συν.

2107 3593 2439 3662 τεθειμένων
2485 3589 2809 3660 ἠνυσμένων
2843 3587 3094 3658 εὑρηκὼς
3128 3589 3321 3660 μηδξν,
3370 3591 3534 3654 αὐτὸς
3575 3592 3678 3660 μὲν

2109 3681 2266 3746 αὖθις
2305 3681 2674 3750 ἀνεχώρησεν,
2699 3679 2855 3733 αὐτοὶ
2883 3678 2939 3732 δέ
2974 3677 3064 3746 ὑφ’
3099 3679 3311 3733 ἐλυτῶν
3339 3683 3680 3753 καταπροδο-

2109 3779 2292 3839 θέντες
2324 3773 2716 3845 δ.αφθαρῶσιν.
2734 3773 2922 3841 Ὅμως
2950 3770 3060 3824 οὐδ’
3081 3771 3232 3824 αὐτοὶ
3257 3771 3356 3836 τάς
3382 3772 3478 3828 τοῦ
3511 3775 3683 3838 σώζε-

2109 3871 2235 3926 σθαι
2270 3866 2493 3930 ἐλπίδας
2541 3867 2894 3934 ἀπογνόντες,
2924 3863 3220 3934 διώρυττον
3243 3863 3343 3934 τὴν
3379 3865 3584 3936 πύλην,
3612 3864 3679 3939 ἦ.

2109 3981 2208 4018 σαν
2241 3963 2350 4031 γὰρ
2391 3961 2647 4028 σύστημα
2667 3957 2773 4010 οὐκ
2793 3956 3024 4023 ἀγγενές
3060 3957 3126 4008 ἐκ
3151 3955 3337 4021 πεζῶν
3367 3973 3426 4010 τε
3467 3961 3562 4011 καὶ
3587 3961 3680 4011 ia-

2113 4058 2284 4121 πέων,
2312 4053 2409 4107 καὶ
2433 4049 2706 4122 ἐθάρρουν
2727 4049 2907 4119 σφίσιν
2932 4048 3146 4111 ἐαυτοῖς
3161 4047 3238 4112 ῶς
3255 4050 3677 4118 ἀμυνουμένοις,

2109 4151 2176 4206 ἀν
2203 4165 2285 4210 τις
2315 4147 2476 4216 ἐπίῃ·
2513 4142 2620 4196 κᾶν
2665 4138 3012 4208 διορύξαντες
3070 4138 3146 4209 μὴ
3189 4138 3393 4207 εὕρωσι
3428 4142 3677 4211 παρόντα

2108 4243 2199 4296 τὸν
2231 4236 2475 4312 βασιλέα,
2529 4232 2668 4305 πρὸς
2701 4231 2866 4287 αὐτὸν
2913 4231 3247 4301 ἀποχωρεῖν.
3307 4233 3544 4287 Ἐκεῖνοι
3576 4235 3677 4302 μὲν

2107 4329 2200 4384 οὖν
2227 4324 2454 4395 τοιαύτῃ
2484 4320 2678 4392 γνώμῃ
2722 4319 3040 4391 διώρυττον.
3082 4321 3150 4374 Ἥ
3185 4319 3248 4374 δέ
3286 4321 3347 4374 ἐν
3383 4321 3677 4392 βασιλεῖοις

440 4422 558 4476 urbi
593 4420 662 4474 ab
688 4432 752 4473 eo
779 4413 1057 4485 capienda:
1085 4412 1396 4472 studebant,
1424 4411 1513 4466 die
1542 4415 1848 4480 praestituto
1873 4429 1999 4469 con-

2112 4421 2352 4482 σύνοδος,
2384 4416 2510 4471 ἐπεὶ
2536 4417 2600 4468 ἐκ
2633 4411 2843 4466 πολλῶν
2880 4411 3174 4467 ἀπεδείκνυ
3203 4415 3549 4485 πατριάρχην
3574 4419 3676 4469 af;-

438 4517 624 4570 venire.
659 4511 826 4566 fuisse
853 4507 1178 4577 prohibitos,
1211 4514 1397 4573 postea
1426 4504 1726 4574 iudicatum
1769 4515 1852 4561 est
1887 4526 1898 4561 :
1935 4522 2004 4562 ne

437 4606 646 4660 scilicet
699 4603 990 4669 imperator
1041 4595 1356 4666 iniuriarum
1411 4612 1642 4662 memor,
1680 4599 1749 4652 de
1806 4599 2006 4654 throno

440 4698 589 4750 illum
642 4690 960 4748 detnrbasse
1012 4687 1310 4752 videretur,
1361 4689 1452 4741 sed
1502 4698 1560 4743 ut
1605 4704 1729 4743 cum
1781 4700 2005 4760 propter

437 4787 794 4842 adulteratam
821 4778 1080 4835 domina
1107 4777 1388 4832 veritatem
1426 4779 1521 4832 has
1551 4793 1738 4847 paenas
1767 4781 2004 4849 pendere

437 4892 629 4933 omnes
655 4871 938 4945 pchpicue
967 4869 1344 4937 intelligerent.
1373 4868 1624 4939 Episcopi
1655 4883 1778 4924 cum
1811 4871 2006 4926 suﬂ'ra-

440 4969 544 5039 giis
571 4966 798 5020 aliorum
838 4961 1237 5029 episcoporum,
1271 4958 1363 5026 qui
1393 4969 1450 5011 nt
1480 4961 1717 5026 suSpccti
1779 4964 1830 5014 in
1871 4979 2005 5016 con-

438 5061 620 5116 siliqu
651 5055 872 5111 adhibiti
905 5067 1010 5106 non
1041 5050 1278 5114 fuerant,
1313 5050 1398 5103 bis
1443 5050 1516 5104 ita
1550 5056 1806 5119 peractis,
1836 5057 2004 5110 multa

434 5154 547 5222 jam
593 5156 752 5204 nocte
785 5147 836 5198 in
868 5161 963 5198 sua
993 5143 1224 5212 quisque
1265 5149 1406 5196 tecta
1437 5155 1798 5199 receSSerunt.
1830 5145 2006 5216 Impe-

441 5252 586 5297 rator
637 5241 727 5294 ubi
773 5235 967 5296 adfuit,
1003 5243 1056 5286 et
1081 5234 1200 5302 ejus
1225 5231 1400 5307 factio
1453 5233 1598 5288 intus
1649 5235 1854 5289 aditum
1911 5253 2007 5306 per

441 5343 650 5404 portam
687 5333 917 5384 Auream
954 5327 1228 5398 patefecit.
1275 5325 1560 5381 resistente
1606 5329 1846 5393 nemine,
1879 5345 2006 5384 cmn

439 5428 604 5480 totius
651 5424 832 5493 populi
885 5422 1148 5490 applausu
1193 5428 1247 5474 et
1296 5420 1650 5490 gratulatione
1687 5422 1873 5475 urbem
1922 5423 2006 5476 in-

440 5533 657 5588 gressus
710 5525 811 5578 est,
866 5513 1234 5581 militibusque
1286 5512 1585 5576 interdixit,
1635 5529 1703 5566 ne
1747 5513 1813 5567 ad
1863 5515 2008 5568 cives

441 5607 772 5678 diripiendos
804 5607 1202 5667 discurrerent;
1249 5613 1302 5656 et
1336 5613 1600 5673 quantum
1635 5605 1827 5672 potuit,
1864 5604 2006 5659 idem

433 5702 578 5773 plebi
616 5682 807 5753 vetuit.
859 5697 935 5750 lla
981 5697 1032 5748 in
1079 5692 1502 5763 pace~fnerunt.
1531 5697 1623 5763 qui
1672 5695 1739 5748 ab
1767 5698 2005 5766 "Angusta

441 5796 674 5858 stabant,
705 5791 805 5846 nisi
835 5795 881 5845 si
911 5789 1046 5844 forte
1075 5790 1289 5860 quidam
1321 5803 1350 5842 a
1381 5787 1572 5843 vicinis
1599 5788 1806 5843 multati
1854 5801 2000 5856 sunt,

2105 4514 2199 4566 τόν
2229 4527 2288 4564 τε
2323 4507 2453 4578 περὶ
2477 4506 2547 4560 τά
2573 4503 2709 4575 όρθά
2732 4504 2833 4573 τῆς
2857 4505 3188 4585 Ἐκκλησίας
3205 4507 3457 4576 δόγματα
3479 4499 3672 4579 ἔχοντα

2108 4607 2207 4675 οὐχ
2236 4603 2426 4672 ὑγιῶς,
2474 4601 2569 4655 καὶ
2620 4599 2747 4664 τοὺς
2797 4597 2993 4662 ἄλλους
3045 4599 3433 4667 ἀναγκάζοντα
3482 4605 3676 4674 ἐκείνῳ

2109 4696 2463 4765 συμφρονεῖν,
2506 4691 2703 4762 γνώμῃ
2743 4693 2895 4762 κοινῇ
2933 4691 3255 4759 καθαίρεσιν
3301 4694 3471 4747 αὐτοῦ
3505 4713 3673 4749 κατα-

2104 4786 2452 4857 ψηφίζονται.
2509 4783 2588 4836 Δι’
2635 4781 2673 4836 ἃ
2701 4782 2766 4852 δὴ
2798 4781 2896 4835 καὶ
2937 4781 3169 4851 μάλιστα
3212 4783 3670 4854 ἔδοξεν.ὖστερον.

2107 4876 2369 4941 Βασιλεύς
2398 4893 2458 4928 τε
2491 4877 2584 4929 καὶ
2604 4875 2652 4927 οί
2681 4875 3013 4942 πράττοντες
3045 4874 3143 4946 τὴν
3164 4874 3371 4928 ἅλωσιν
3401 4876 3672 4930 συνελθεῖν

2107 4970 2251 5023 κατά
2286 4970 2385 5035 τὴν
2420 4965 2759 5036 προθεσμίαν
2791 4964 3123 5036 κωλυθῆναι,
3162 4967 3253 5022 ἵνα
3291 4967 3366 5038 μὴ
3401 4985 3670 5038 μνησικα-

2105 5061 2217 5114 κῶν
2243 5059 2404 5122 αὐτὸς
2427 5059 2610 5130 δοκοίη
2640 5059 2746 5112 τῶν
2776 5058 2984 5129 θρόνων
3019 5059 3300 5128 καθαιρεῖν
3324 5077 3340 5092 ο
3365 5062 3482 5114 ἀλλ’
3511 5064 3672 5129 ἀκρι-

2105 5151 2213 5213 ϐῶς
2239 5151 2322 5221 εἴη
2346 5149 2452 5201 τῶν
2477 5147 2653 5218 ὀρθῶν
2674 5149 2957 5216 δογμάτων
2976 5149 3072 5218 τῆ;
3094 5149 3423 5222 διιστροφῆς
3445 5150 3664 5221 εύθύνη.

2111 5241 2174 5293 0i
2201 5241 2301 5304 μὲν
2329 5234 2422 5292 οὖν
2453 5239 2733 5310 ἀρχιερεῖς
2762 5241 2883 5292 ἐπεὶ
2906 5239 3080 5311 ταῦτα
3125 5241 3392 5310 ἔπραξαν,
3427 5244 3521 5296 καὶ
3567 5246 3671 5296 τῶν

2107 5331 2356 5385 ἀπόντων
2385 5330 2473 5382 διά
2503 5330 2565 5384 τὸ
2590 5331 2997 5385 ὑποπτεύεσθαι
3027 5333 3332 5402 ἀρχιερέων
3373 5333 3671 5404 συνεπιψη-

2107 5422 2765 5492 φισαμένων,ἀνεχώρουν
2786 5423 3017 5486 ἐκαστος
3038 5426 3175 5492 πρὸς
3193 5424 3290 5486 τὰς
3307 5425 3544 5486 οἰκήσεις
3571 5425 3664 5493 ἤδη

2109 5513 2296 5580 πόῤῥω
2327 5513 2558 5568 νυκτῶν.
2599 5513 2861 5577 Βλσιλεὺς
2889 5515 2945 5568 δὲ
2985 5517 3108 5568 ἐπεὶ
3143 5518 3346 5586 παρῆν,
3381 5517 3490 5570 τῶν
3519 5517 3665 5570 ἔνδον

2109 5609 2176 5658 τὰ
2228 5609 2436 5660 ἐκείνου
2467 5609 2818 5678 πραττόντων
2869 5607 2971 5673 τὴν
3027 5608 3254 5678 Χρυσῆν
3311 5610 3668 5680 διορυξάντων

2117 5699 2294 5768 πύλην
2344 5700 2665 5770 εἰσήλαυνεν
2703 5699 2919 5763 οὐδενὸς
2965 5699 3389 5770 ἀνθισταμένου,
3424 5703 3559 5756 ἀλλά
3604 5703 3672 5756 δι’

2114 5790 2390 5860 εὐφημίας
2418 5791 2577 5844 αὑτὸν
2604 5790 2848 5860 ἀγόντων
2879 5790 3076 5855 παντὸς
3102 5790 3196 5845 τοῦ
3220 5793 3421 5865 δήμου,
3448 5797 3544 5849 καὶ
3568 5800 3674 5859 τοῖς
