3964 6570
1455 285 1536 300 ’κσί
1568 285 1616 299 υ

350 427 484 491 1297

1502 426 2036 496 HISTOREARUM
2083 425 2313 492 LlBER
2358 425 2444 484 lll

3433 418 3571 483 1298

340 557 397 591 τε
432 532 747 604 ἀνηκέστων
800 534 1009 595 κακῶν,
1041 537 1136 589 καὶ
1182 539 1358 606 τούτῳ
1413 539 1681 606 μείζονος,
1715 541 1744 606 ἦ
1782 540 1898 591 καθ’

2012 535 2671 606 ipsismaladeterrima,
2705 533 3071 603 tnajorcmque
3126 532 3366 594 luctum,
3409 547 3569 598 quam

338 631 463 683 ὅσον
505 628 697 698 χρόνον
736 621 803 698 ἦν
843 627 1076 696 πόλεμος
1133 627 1310 698 λύπης
1374 632 1555 683 αἰτίαν
1611 634 1902 699 ἐσομένην.

340 721 410 772 UE
435 735 491 771 τε
517 719 622 788 γὰρ
649 718 902 779 συνόντες
929 718 1171 779 ἆπαντες
1203 720 1283 780 είς
1325 719 1535 772 πολλῶν
1580 722 1775 789 πεῖραν
1807 722 1903 771 ἁλ-

317 809 534 875 ιγεινῶν
586 809 864 870 ἐλθόντες,
906 811 999 861 καὶ
1047 810 1097 861 οἱ
1150 809 1299 864 ἔνδον
1350 812 1553 879 ὁμοίως
1603 810 1916 874 Βυζαντίου,

338 901 444 950 τῶν
479 899 868 969 δεσμωτηρίων
923 898 1252 964 ἐξελθόντες,
1297 902 1392 954 καὶ
1439 903 1904 972 μνησικακοῦιτες

339 988 583 1058 ἐσχάτως
619 990 738 1052 τοῖς
793 989 1014 1042 συνοῦσι
1050 989 1302 1059 βασιλίδι,
1332 992 1487 1044 αὐτοί
1532 1009 1589 1043 τε
1632 990 1900 1058 διεπρίον-

338 1097 398 1133 το
443 1080 533 1131 ὺπ⁹
574 1079 770 1149 ὀργῆς,
797 1081 1006 1134 καὶτὸν
1035 1081 1208 1150 δῆμον
1238 1081 1574 1152 ἐξηρέθιζον,
1611 1083 1706 1136 καὶ
1754 1083 1902 1150 ἔνδη-

336 1172 419 1224 λοι
448 1166 612 1242 ἦσαν,
668 1171 742 1232 ὼς
781 1172 873 1224 καὶ
924 1171 1193 1240 βασιλέως
1241 1172 1467 1235 ἄκοντος
1514 1173 1902 1241 ἐπιθησόμενοι

335 1266 448 1325 τοῖς
478 1265 536 1314 ὲν
563 1260 880 1330 βασιλείοις.
915 1261 1024 1314 Καὶ
1059 1260 1250 1314 ἐδεδίει
1293 1260 1368 1330 μὴ
1417 1261 1545 1330 περί
1580 1278 1638 1313 τε
1669 1263 1769 1328 τὴν
1801 1261 1901 1329 βα-

337 1355 514 1406 σιλίδα
551 1343 812 1414 καλδτοῦς
839 1351 1036 1414 παῖδας
1067 1351 1369 1419 ἀνήκεστόν
1403 1367 1454 1403 τι
1507 1350 1774 1422 τολμηθῇ,
1807 1353 1902 1407 καὶ

335 1450 381 1499 οἱ
422 1447 674 1507 συνόντες
723 1445 922 1508 πάντες
956 1444 1061 1497 ὑπὸ
1107 1443 1216 1497 τῶν
1255 1443 1647 1514 ὲχθραινόντων
1676 1443 1902 1508 διαφθα-

337 1537 538 1603 ρῶσιν·
594 1537 622 1589 ὃ
651 1536 814 1606 ὀλίγῳ
857 1535 1082 1605 ὕστερον
1149 1534 1348 1606 μικροῦ
1395 1534 1585 1604 ἐδέησε
1624 1534 1901 1610 γενέσθαι.

344 1627 434 1688 Ὠς
469 1626 577 1695 γάρ
620 1626 886 1680 ἐπύθοντο
918 1665 934 1689 ,
974 1627 1057 1679 ὅτι
1101 1625 1176 1694 μὴ
1206 1626 1306 1694 τὴν
1354 1623 1652 1694 πρεσϐείαν
1691 1623 1902 1693 δέχοιτο

333 1718 365 1785 ἡ
397 1716 606 1785 βασιλὶς
635 1716 770 1786 μηδὲ
801 1717 1008 1788 χωροίη
1038 1717 1175 1787 πρὸς
1216 1716 1542 1785 συμϐάσεις,
1577 1716 1636 1769 τὸ
1673 1717 1733 1770 ὲν
1767 1715 1916 1790 Βλα-.

334 1809 554 1878 κέρναις
585 1808 868 1880 φρούριον,
910 1810 1074 1879 μέρος
1116 1809 1208 1862 καὶ
1233 1809 1366 1862 αὐτὸ
1398 1808 1494 1862 τοῦ
1535 1809 1664 1879 περὶ
1695 1811 1763 1863 τὰ
1804 1808 1898 1878 βαι

2011 639 2123 680 to:o
2155 629 2280 689 belli
2340 637 2581 694 tempore
2607 626 2814 694 experti
2858 634 3062 687 essent,
3089 623 3406 690 parituram.
3441 621 3570 672 Nam

2006 729 2058 770 et
2091 718 2164 772 illi
2189 732 2398 778 euntes,
2419 714 2510 784 qui
2537 730 2659 768 cum
2691 715 3019 783 imperatore
3048 719 3225 777 erant,
3254 727 3374 764 eum
3405 711 3572 763 multa

2007 811 2234 862 adversa
2283 806 2674 875 pertulissent,
2719 813 2773 857 et
2823 803 3073 857 similiter
3105 803 3192 871 qui
3231 802 3469 870 Byzantii
3520 803 3571 853 in

2006 900 2320 953 carceribus
2363 897 2602 960 fuerant,
2651 904 2891 950 extreme
2927 908 2986 948 se
3036 908 3064 944 a
3113 893 3427 962 proceribus
3465 893 3577 943 At:-

2005 1002 2177 1058 gustae
2233 999 2449 1046 texatos
2488 987 2893 1050 meminissent,
2927 987 3007 1039 ira
3047 985 3368 1047 aestuabant,
3404 1000 3580 1054 popu—

2004 1085 2228 1153 lumque
2269 1083 2560 1137 irritabant
2597 1098 2611 1135 :
2641 1089 2696 1135 et
2724 1080 3039 1150 apparebat,
3075 1080 3159 1133 vel
3191 1079 3361 1132 invito
3408 1078 3577 1147 impe-

2005 1188 2208 1241 ratore,
2235 1176 2293 1230 in
2328 1191 2424 1230 eos
2451 1174 2545 1244 qui
2572 1181 2760 1230 essent
2791 1173 2844 1225 in
2874 1172 3073 1243 palatio
3109 1161 3369 1241 impetum
3401 1169 3604 1229 [πως.

2005 1283 2115 1324 ros.
2152 1267 2454 1323 Verebatur
2483 1267 2728 1336 insuper,
2780 1281 2848 1322 ne
2889 1266 3221 1336 imperalrici
3281 1282 3344 1321 ac
3389 1266 3576 1321 liberis

2005 1358 2204 1426 aliquid
2238 1358 2480 1417 atrocius
2506 1356 2680 1421 fieret,
2715 1358 2920 1426 quique
2949 1373 3068 1412 cutn
3109 1374 3168 1411 ea
3208 1365 3576 1416 versarentur,

2004 1461 2198 1502 omnes
2255 1446 2493 1508 hostium
2547 1445 2741 1516 gladiis
2791 1446 3196 1502 conficerentur
3246 1466 3258 1502 :
3313 1447 3366 1502 id
3431 1448 3577 1515 quod

2005 1538 2167 1605 paulo
2190 1549 2318 1608 post
2349 1539 2742 1608 propemodum
2777 1539 3091 1594 accidisset.
3135 1539 3202 1593 Ut
3229 1540 3372 1594 enim
3407 1540 3575 1592 intel-

2003 1628 2253 1684 lexerunt
2309 1643 2428 1682 eam
2472 1630 2678 1699 legatos
2729 1630 2987 1698 reiecisse
3047 1645 3112 1684 ac
3170 1646 3356 1699 pacem
3391 1631 3576 1691 nolle,

2003 1717 2290 1784 castellum
2332 1720 2389 1780 in
2411 1718 2725 1784 Blaelternis
2757 1720 3083 1788 appellatum
3111 1760 3126 1784 ,
3162 1729 3370 1788 partem
3407 1719 3581 1772 muni-

2005 1807 2172 1862 tionis
2200 1817 2252 1861 et
2280 1810 2808 1877 propugnaculorum
2839 1810 3039 1878 quibus
3069 1809 3327 1878 palatium
3347 1809 3580 1864 circum-

335 1868 509 1950 σίλεια
537 1868 811 1970 ⁷φρουρίου
855 1868 955 1962 τόν,
981 1868 1279 1952 ’καστέλιον
1331 1868 1896 1969 προσαγορευόμενον,

2001 1899 2180 1961 datur,
2202 1899 2528 1966 imperatore
2557 1902 2830 1954 nesciente
2852 1910 3308 1975 expugnaruntac
3334 1900 3576 1967 diripue-

331 1989 418 2052 ὲξε
430 1988 707 2058 πόρθησάν
727 2005 786 2041 τε
805 1989 900 2042 καὶ
924 1989 1233 2059 διήρπασαν
1256 1988 1522 2058 βασιλέως
1548 1991 1896 2060 ἀγνοοῦντος,

330 2079 425 2138 καί
459 2081 539 2132 τοί
579 2096 642 2149 γε
686 2080 795 2134 τῶν
826 2079 972 2134 ινδον
1004 2081 1112 2140 ἀπὸ
1157 2081 1269 2136 τῶν
1307 2082 1505 2154 τειχῶν
1536 2082 1899 2152 ἀμυνομένων

332 2170 634 2240 κραταιῶς.
678 2170 787 2224 Καὶ
818 2171 868 2224 ol
897 2169 1184 2234 δοκοῦντες
1214 2171 1270 2224 δὲ
1300 2173 1433 2242 περὶ
1475 2170 1727 2241 βασιλίδα
1753 2170 1896 2226 εὖνοι

330 2255 472 2314 εἶναι
507 2262 800 2333 πρότερον,
833 2263 940 2324 καὶ,
974 2263 1074 2332 τὴν
1125 2262 1375 2335 φυλακὴν
1432 2264 1543 2317 τῶν
1607 2264 1897 2335 βασιλείων

328 2354 822 2423 ἐπιτετραμμένοι,
846 2356 967 2407 ἐπεὶ
999 2354 1352 2418 τὸνκίνδυνον
1387 2355 1768 2427 ἁπανταχόθεν
1796 2375 1896 2410 πε-

331 2445 677 2517 ριῖστάμενον
711 2443 922 2516 ἑώρων,
953 2444 1201 2515 βασιλίδα
1226 2447 1282 2500 δὲ
1316 2448 1392 2516 μὴ
1429 2447 1716 2519 χωροῦσαν
1761 2447 1897 2520 πρὸς

331 2535 660 2604 συμϐάσεις,
691 2535 830 2588 ἀλλὰ
863 2537 1068 2606 μᾶλλον
1094 2538 1430 2608 αἱρουμένην
1460 2539 1633 2610 αὐτήν
1664 2557 1723 2592 τε
1763 2543 1898 2594 ἀπο-

329 2625 586 2696 θνήσκειν
610 2627 895 2692 κάκείνους
924 2629 1385 2692 συναπόλλυσθαι,
1416 2631 1720 2702 ἐσκέψαντο
1742 2636 1896 2704 κοινῇ

328 2719 428 2787 τῆς
465 2717 732 2787 σφετέρας
767 2719 1044 2787 σωτηρίας
1078 2721 1244 2774 ἕνεκα
1283 2723 1718 2792 καταπροῖεσθαι
1746 2725 1897 2778 ὲκεί-

331 2825 483 2870 νους,
517 2809 610 2861 καὶ
666 2808 1022 2878 παραδιδόναι
1053 2811 1268 2879 βασιλεῖ
1301 2814 1360 2866 τὺ
1395 2815 1671 2885 φρούριον,
1699 2817 1758 2870 οὐ
1789 2815 1896 2887 μὴν

330 2900 467 2957 ἀλλὰ
497 2900 588 2954 καὶ
621 2900 728 2954 τῶν
761 2901 818 2954 έν
849 2900 992 2970 λόγῳ
1037 2902 1276 2970 μάλιστά
1304 2922 1448 2970 τινες
1489 2908 1626 2976 πρὸς
1671 2909 1897 2975 βασιλέα

328 2989 666 3060 πέμψαντες,
703 2990 832 3060 περὶ
863 2990 1156 3060 προδοσίας
1191 2993 1520 3069 διελέγοντο,
1560 2998 1654 3050 καὶ
1685 2997 1896 3069 δωρεὰς

327 3083 490 3155 ᾔτουν
521 3082 614 3136 καὶ
646 3083 834 3152 τιμὰς,
865 3085 914 3136 εί
965 3085 1318 3156 παραδιδοῖεν
1359 3088 1426 3139 τὰ
1456 3067 1708 3155 βασίλεια
1755 3067 1892 3159 αὐτῇ

2000 1999 2146 2052 runt,
2181 2004 2302 2042 cum
2340 1989 2430 2060 qui
2454 1989 2602 2044 intus
2619 2001 2776 2045 erant
2797 2006 2828 2045 e
2861 1993 3029 2046 muris
3059 1991 3269 2046 fortiter
3301 2006 3360 2045 se
3381 1990 3568 2044 defen-

1998 2081 2208 2135 derent.
2252 2081 2564 2151 Quil‘porro
2608 2081 2836 2136 antehac
2876 2083 3130 2152 Augusta:
3183 2082 3323 2135 bene
3371 2097 3570 2149 cupere

1998 2174 2350 2244 putabantur,
2381 2174 2686 2244 quibusque
2741 2173 2984 2228 custodia
3037 2173 3218 2242 palatii
3273 2174 3567 2228 commissa

1998 2272 2134 2328 erat,
2164 2275 2444 2333 postquam
2482 2263 2723 2328 undique
2744 2263 3064 2334 periculum,
3087 2274 3141 2318 et
3167 2278 3282 2318 eam
3313 2280 3342 2317 a
3375 2263 3568 2332 paciﬁ-

1996 2358 2210 2411 catione
2239 2357 2614 2425 refugientem,
2657 2357 2793 2412 mori
2821 2357 3078 2426 ipsosque
3113 2371 3298 2411 secum
3332 2355 3565 2424 perdere.

1999 2447 2157 2504 malle
2181 2447 2451 2510 viderunt,
2491 2447 2728 2500 unanimi
2757 2461 3027 2501 consensu
3069 2447 3238 2515 ipsi-ts
3279 2454 3333 2499 et
3372 2445 3571 2499 libero-

1999 2553 2117 2595 rum
2142 2537 2510 2594 defensionem
2548 2538 2780 2608 propria:
2807 2538 2967 2592 saluti
3012 2538 3121 2605 jam
3159 2545 3558 2604 postponentos.

1999 2629 2309 2698 imperatori
2366 2629 2622 2699 palatium
2677 2630 2887 2684 tradere
2939 2629 3361 2684 constituerunt.
3421 2628 3596 2692 Quin

1997 2720 2163 2775 etiam
2192 2719 2638 2775 bonoratissimos
2658 2721 2918 2790 quosdam
2937 2721 2999 2774 ad
3019 2737 3142 2774 eum
3163 2719 3446 2780 mittendo,
3477 2718 3569 2775 do-

1996 2827 2064 2866 na
2090 2821 2141 2866 et
2165 2811 2738 2881 ItonoreSquerebant,
2772 2813 2813 2864 si
2847 2811 3048 2882 regiam
3077 2826 3198 2868 cum
3229 2809 3601 2878 intraratrice-

1996 2911 2050 2957 et
2083 2902 2272 2957 liberis
2296 2901 2832 2967 dedidissent.,Quos
2864 2902 3161 2971 imperator
3198 2901 3420 2968 auribus
3461 2901 3562 2953 ista

2007 3009 2274 3062 reSpueus
2325 2994 2576 3057 dimisit,‘
2598 3003 2854 3056 testatus,
2911 3009 3029 3047 eam
3064 3009 3185 3048 cum
3235 2993 3424 3047 liberis
3459 3008 3577 3046 ser-

1997 3093 2176 3138 vatam
2211 3087 2392 3154 potius
2437 3086 2576 3141 velle
2602 3085 2988 3153 maximopere.
3024 3085 3160 3138 Ecce
3189 3093 3369 3140 autem
3411 3083 3578 3152 impe-

329 3174 560 3244 βασιλίδι
602 3176 696 3229 καὶ
727 3177 839 3238 τοῖς
889 3175 1124 3239 τέκνοις.
1160 3176 1428 3240 Βασιλεὺς
1474 3179 1520 3232 δ’
1555 3179 1664 3233 οὐδ’
1702 3181 1893 3250 ἄκροις

2005 3185 2154 3229 rator
2183 3173 2423 3231 Joannes
2472 3185 2583 3230 tum
2623 3176 2934 3246 quindecim
2976 3185 3137 3229 natus
3180 3190 3376 3237 annos,
3411 3190 3574 3245 supra

323 3270 586 3336 ἠνέσχετο
610 3267 765 3330 ὠσὶν,
795 3268 912 3322 ἀλλ’
933 3268 1233 3338 ἀπέπεμπε
1259 3265 1532 3333 σώζεσθαι
1561 3272 1763 3341 μᾶλλον
1805 3273 1900 3343 βα-

329 3360 506 3412 σιλίδα
537 3360 632 3412 καὶ
657 3359 786 3422 τοὺς
819 3361 1014 3424 παῖδας
1059 3359 1234 3414 είπὼν
1267 3361 1540 3432 ποιεῖσθαι
1584 3365 1712 3431 περὶ
1746 3365 1899 3417 πλεί-

329 3463 476 3500 στου.
503 3446 766 3508 Βασιλεὺς
795 3447 853 3500 δὲ
905 3451 934 3502 ὁ
959 3449 1080 3512 νέος
1123 3450 1380 3522 Ἰωάννης
1435 3452 1557 3516 έτος
1603 3470 1900 3510 πεντεκαι-

324 3540 555 3592 δέκατον
587 3540 710 3593 τότε
744 3539 843 3604 ὣν,
877 3543 1064 3611 μεῖζον
1093 3543 1124 3613 ἢ
1172 3544 1316 3599 κατὰ
1356 3545 1458 3614 τὴν
1490 3545 1706 3614 ἠλικίαν
1749 3550 1904 3614 ἐφαί-

324 3648 448 3685 νετο
464 3631 700 3700 φρονῶν,
725 3631 912 3701 καὶτῷ
926 3634 1105 3703 καιρῷ
1125 3636 1466 3705 προσήκοντα
1485 3635 1896 3706 βουλευόμενος.

337 3723 428 3784 Ὠς
454 3724 564 3795 γὰρ
585 3722 851 3793 ᾐσθάνετο
873 3724 1306 3795 θορυϐουμένους
1335 3728 1463 3791 τοὺς
1491 3731 1551 3781 ὲν
1583 3729 1650 3795 βα
1662 3730 1900 3794 τιλείοις,

327 3813 648 3876 στασιάζειν
685 3831 744 3867 τε
778 3815 880 3885 ήδη
907 3817 1274 3886 ἀρχομένους,
1301 3821 1396 3873 καὶ
1429 3822 1558 3888 περὶ
1577 3821 1762 3874 αὐτῶν
1783 3823 1906 3877 ἑπι-

325 3909 474 3968 εικὲς
490 3907 644 3960 οὐδὲν
668 3905 1117 3978 βουλευομένους,
1144 3909 1370 3980 δραμὼν
1392 3910 1528 3980 πρὸς
1549 3911 1646 3981 τὴν
1666 3916 1900 3986 μητέρα,

323 3997 418 4049 τόν
448 4013 507 4048 τε
541 3995 770 4064 θόρυϐον
801 3998 1116 4069 ἀπήγγελλε
1163 4001 1258 4054 καὶ
1281 4001 1382 4072 τὴν
1424 4000 1744 4073 ἐπιϐουλήν.
1794 4009 1904 4059 Καὶ

324 4091 498 4142 ἐδεῖτο
522 4089 656 4158 πρὸς
685 4089 910 4160 βασιλέα
931 4092 1162 4162 τάχιστα
1191 4095 1489 4163 πρεσϐείαν
1520 4097 1786 4165 πέμπειν,
1811 4103 1904 4154 καὶ

324 4179 576 4232 τίθεσθαι
609 4180 909 4250 συμϐάσεις
945 4183 1074 4250 περὶ
1105 4184 1204 4253 τῆς
1232 4186 1487 4256 εἰρήνης’
1529 4188 1904 4258 μάλισταμὲν

324 4271 434 4339 γὰρ
461 4269 697 4338 ἔφασκεν
722 4272 930 4324 ἐκεῖνον
957 4273 1116 4328 οὐδὲν
1137 4275 1269 4345 περὶ
1300 4277 1477 4330 αὐτῶν
1503 4278 1895 4348 βουλεύσεσθαι

321 4360 516 4414 δεινόν.
551 4359 612 4413 EE
639 4361 685 4413 δ’
717 4362 828 4432 ἄρα
856 4365 952 4416 καὶ
974 4365 1042 4419 τὰ
1077 4363 1308 4437 δεύτερα
1338 4368 1535 4439 νικῴη,
1568 4370 1780 4440 βέλτιον
1808 4373 1902 4429 ὑπ’

324 4450 539 4504 ἐκείνου
599 4451 784 4514 κακῶς
819 4453 1034 4521 παθεῖν,
1085 4456 1118 4525 ἢ
1165 4458 1360 4528 ἀλογίᾳ
1392 4459 1565 4529 δήμου
1609 4463 1702 4518 καὶ
1739 4479 1905 4532 στρα-

2003 3275 2218 3322 atatem
2246 3267 2458 3336 sapere,
2516 3279 2570 3323 et
2637 3267 2866 3336 tempori
2925 3276 3230 3336 0pp0tlltna
3291 3266 3579 3322 consuler».

2003 3359 2152 3414 visus
2183 3369 2285 3415 est.
2327 3359 2396 3415 Ut
2434 3360 2578 3416 enim
2618 3361 3016 3414 tumultuantes
3049 3359 3239 3422 sensit,
3271 3359 3364 3428 qui
3401 3359 3454 3414 iu
3487 3373 3582 3428 pa-

2004 3451 2135 3505 latio
2181 3460 2371 3510 erant.
2407 3460 2456 3504 et
2497 3451 2608 3518 jam
2669 3450 2938 3506 dissidere
3005 3447 3348 3518 incipientes,
3401 3447 3577 3516 deque

2004 3552 2180 3597 matre
2229 3559 2352 3596 cum
2393 3543 2516 3598 ﬁliis
2546 3543 2682 3596 nihil
2713 3558 2927 3610 aequum
2959 3541 3158 3596 animis
3185 3539 3473 3611 agitantes,
3513 3539 3576 3590 ad

2003 3643 2286 3701 parentem
2323 3633 2618 3688 accurrens
2643 3673 2658 3697 ,
2705 3633 2872 3702 699
2917 3633 3207 3689 tumultum
3265 3639 3322 3689 et
3353 3629 3579 3685 insidias

2002 3724 2219 3778 nuntiat
2246 3741 2260 3788 ;
2286 3739 2452 3780 orans
2481 3725 2767 3778 celerrime
2797 3723 2863 3778 ad
2895 3725 3285 3794 imperatorem
3318 3723 3496 3787 mitti,
3527 3734 3582 3775 et.

2004 3831 2128 3870 cum
2175 3831 2242 3870 eo
2289 3815 2491 3881 decidi,
2535 3817 2920 3885 allirmansque
2953 3857 2969 3881 ,
3023 3813 3161 3882 nihil
3187 3815 3258 3868 ab
3301 3830 3367 3868 eo
3417 3829 3580 3884 grave

2007 3910 2328 3965 timendum.
2368 3908 2460 3962 Sin
2487 3923 2646 3962 secus
2669 3922 2758 3960 res
2800 3917 2907 3969 eat,
2939 3916 3199 3975 pra-stare
3231 3904 3382 3958 illum
3411 3904 3580 3958 incle-

2004 4011 2242 4055 mentem
2307 4000 2567 4067 experirl,
2599 3985 2761 4068 quam
2811 3999 2879 4053 in
2901 3998 3082 4066 p0pttli
3131 3996 3460 4050 dementiam
3505 4011 3588 4047 ae.

2004 4092 2242 4148 militum
2279 4091 2519 4145 furorem
2582 4091 2844 4145 incidere.
2899 4089 3053 4144 Illico
3085 4105 3350 4158 persuasa
3387 4096 3581 4148 mater,

2005 4183 2378 4237 Andronicum
2418 4182 2659 4236 Asancm
2695 4181 3043 4249 imperatoris
3059 4196 3328 4246 socerum,
3359 4189 3413 4234 et
3450 4181 3578 4233 Gre-

2005 4273 2221 4346 gtirium
2270 4270 2544 4325 Palamam
2592 4271 2701 4326 illic
2751 4285 2967 4326 carcere
3021 4273 3269 4326 detentos
3300 4272 3378 4341 (6)
3414 4272 3480 4325 ad
3513 4289 3573 4325 se

2005 4364 2205 4419 adduci
2261 4363 2427 4433 jussit
2467 4380 2480 4417 :
2514 4363 2838 4431 quibuscum
2879 4361 2949 4420 de
2981 4377 3112 4430 pace
3143 4362 3348 4427 locuta,
3378 4377 3472 4415 eos
3510 4364 3576 4414 ad

2005 4456 2388 4524 imperatorem
2432 4453 2592 4522 legat.
2621 4451 2724 4517 Qui
2757 4452 2906 4506 illum
2942 4461 3148 4506 tumere
3193 4453 3496 4513 iracundia,
3526 4464 3579 4502 rt

320 4543 536 4596 τιωτῶν
595 4545 740 4614 ὁρμῇ
797 4550 1138 4614 περιπεσεῖν.
1189 4550 1398 4604 Λύτίκα
1450 4569 1510 4607 τε
1561 4553 1812 4607 ἐπείθετο
1860 4557 1894 4624 ἠ

2003 4545 2071 4600 ad
2094 4544 2500 4615 persequendas
2543 4542 2681 4598 bello
2727 4552 2979 4611 acceptas
3047 4543 3279 4612 injurias
3330 4553 3574 4612 paratum

325 4638 534 4705 μήτηρ,
571 4638 664 4689 καὶ
710 4636 802 4688 τὸν
845 4638 1184 4707 Ἀνδρόνικον
1225 4641 1458 4714 ’Δσάνην
1508 4644 1599 4701 τὸν
1629 4645 1896 4714 βασιλέως

320 4727 606 4795 πενθερὸν,
659 4727 756 4780 καὶ
811 4727 902 4781 τὸν
933 4729 1197 4799 Παλαμᾶν
1243 4731 1543 4803 Γρηγόριον
1591 4735 1755 4788 αὑτοῦ
1788 4752 1892 4788 που

321 4817 891 4888 κατακεκλασμένους
919 4820 977 4872 ὲν
1013 4819 1408 4891 δεσμωτηρίοις
1432 4823 1580 4878 ένδον
1606 4825 1894 4895 βασιλείων

321 4908 550 4976 ἄγεσθαι
595 4909 816 4964 ἐκέλευε
866 4912 1002 4980 πρὸς
1040 4913 1250 4983 αὐτήνο
1291 4915 1388 4968 καὶ
1434 4920 1564 4987 περὶ
1610 4919 1710 4986 τῆς
1753 4918 1891 4988 πρὸς

323 4997 552 5066 βασιλέα
579 4997 921 5070 διαλεχθεῖσα
967 5000 1103 5070 πρὸς
1132 5001 1329 5066 αὐτοὺς
1381 5005 1628 5076 εἰρήνης,
1671 5004 1888 5076 ἔπεμπέ

322 5090 458 5158 πρὸς
488 5090 691 5142 ἐκεῖνον
723 5093 1085 5163 πρεσϐευτάς.
1125 5094 1188 5146 Οί
1221 5093 1279 5148 δι
1307 5093 1628 5165 νομίσαντες
1663 5095 1890 5166 βασιλέα

323 5181 576 5234 οίδαίνειν
599 5198 658 5233 τε
683 5182 772 5252 τῷ
789 5185 968 5254 θυμῷ,
993 5186 1236 5255 καὶπρὸς
1265 5185 1476 5256 ἄμυναν
1497 5205 1606 5241 των
1632 5190 1776 5242 κατὰ
1801 5192 1894 5244 τὶν

325 5269 560 5337 πόλεμον
582 5272 966 5341 γεγενημένων
982 5276 1498 5344 παρεσκευασμένον
1514 5273 1674 5340 εἶναι,
1702 5281 1893 5351 πρῶτα

327 5367 426 5433 μὲν
456 5364 548 5418 ἐπὶ
572 5364 787 5436 δεήσεις
819 5367 1134 5433 ἐτράποντο,
1160 5373 1256 5424 καὶ
1285 5371 1494 5434 ίκεσίας
1526 5372 1743 5441 ἀφεῖναι
1795 5375 1893 5443 τὴν

323 5453 496 5524 ὀργὴν
527 5457 640 5516 τοῖς
686 5456 1058 5525 ἁμαρτήσασι,
1091 5461 1182 5511 καὶ
1215 5459 1380 5530 μηδὲν
1411 5461 1571 5514 πλέον
1613 5462 1893 5532 ἐπιζητεῖν

2000 4651 2126 4692 esse
2159 4636 2470 4705 opinantes,
2524 4635 2757 4703 primum
2802 4648 2992 4702 preces
3041 4643 3097 4686 et
3150 4633 3576 4702 supplicationes

1999 4725 2285 4787 adhibent,
2333 4734 2393 4778 ut
2419 4728 2529 4778 reis
2563 4723 2890 4793 placaretur,
2933 4735 2988 4777 et
3038 4723 3226 4778 hostes
3279 4723 3572 4778 domuisse.

2003 4817 2333 4884 penitusque
2368 4814 2666 4881 subiecisse
2705 4821 2994 4868 contentus
3033 4825 3222 4880 esset;
3266 4823 3321 4868 et
3380 4830 3575 4883 quern-

1997 4906 2286 4960 admodum
2341 4919 2438 4959 eos
2481 4906 2648 4958 armis
2711 4904 2971 4967 vicisset,
3017 4903 3094 4958 sic
3144 4913 3197 4958 ct
3257 4905 3574 4973 injttriarntu

1995 5007 2308 5066 contemptu
2354 5005 2407 5049 et
2443 4994 2729 5049 altitudine
2767 4995 2934 5049 animi
2964 5009 3022 5050 se
3074 4995 3249 5065 ipsum
3282 4998 3523 5050 vinceret
3558 5015 3573 5051 :

2005 5103 2128 5157 quae
2210 5087 2468 5142 nimirum
2520 5086 2757 5140 maxima
2814 5085 2998 5154 illique
3060 5087 3570 5141 ceuvenientissim.

1993 5179 2220 5233 victoria
2255 5187 2422 5233 esset.
2479 5176 2684 5231 Deinde
2725 5177 3053 5248 legationem
3107 5188 3444 5247 exponentes
3475 5195 3569 5248 pe-

1995 5279 2138 5336 tunt,
2175 5279 2235 5324 ut
2291 5270 2550 5339 pietatem
2589 5283 2716 5338 erga
2755 5268 3000 5325 defuncti
3043 5271 3390 5339 imperatoris
3434 5271 3561 5324 libe-
3629 5251 3649 5265 ’

1996 5372 2107 5420 ros,
2139 5358 2460 5421 clementiae,
2495 5358 2719 5412 excelsae
2747 5359 2944 5414 mentis
2971 5373 3035 5414 ac
3081 5359 3383 5430 prudentie
3453 5376 3566 5414 suae

1999 5458 2262 5505 aeternum
2318 5461 2731 5507 monumentum
2784 5453 3139 5522 relinqueret.
3188 5453 3254 5506 At
3285 5454 3427 5508 enim
3464 5469 3574 5519 ,ηο-

1573 5619 1784 5682 Jacobi
1813 5622 2079 5685 Pontani
2125 5634 2307 5688 notre.
2355 5610 2359 5614 ”

397 5754 506 5815 (65)
547 5753 724 5820 Quare
754 5754 804 5808 in
829 5770 1100 5809 carcere-tn
1127 5758 1361 5810 traditus
1386 5759 1727 5817 Andronicus
1753 5765 1886 5816 Asa-

327 5841 447 5892 ttes,
482 5827 572 5898 qui
601 5835 779 5879 tamen
820 5840 1022 5894 genere
1053 5827 1368 5883 adversatus
1404 5831 1617 5898 legitur,
1651 5835 1876 5908 perinde

1996 5780 2052 5820 ut
2090 5772 2316 5823 crtcri?
2359 5771 2461 5824 Sed
2497 5772 2595 5826 ltuc
2629 5773 2992 5842 Apocattcltus
3034 5775 3157 5830 fecit
3182 5793 3195 5843 ;
3221 5791 3391 5849 ‘causa
3424 5776 3570 5840 intl't‘

1987 5851 2102 5896 cata
2137 5850 2219 5896 cst
2247 5856 2426 5918 supra.
